3240 5468
683 439 881 510 -119-

244 630 477 709 Existentium
502 631 565 707 Dei
594 653 636 704 ac
666 628 830 705 notitiam
866 627 1124 704 attributorum
1163 630 1368 729 divinorum

192 767 270 843 sola
293 765 461 841 humanae
486 761 633 841 rationis
658 785 738 861 ope,
763 769 858 838 certo
879 757 1044 858 cognosci
1066 770 1102 835 et
1127 782 1168 837 ac
1192 762 1366 839 demons-

193 897 276 974 trari
292 921 397 998 posse
411 894 552 973 censuit
568 893 722 972 Boetius.
744 895 821 969 lion
841 901 960 970 tumen
980 891 1155 987 eamdem,
1178 918 1219 970 ac
1240 904 1365 994 postea

191 1025 1364 1128 loselrnus,ingrediturriam‚demonstrationemscilicetdictam

189 1187 211 1236 u
230 1163 361 1262 priori,
391 1162 453 1238 sed
479 1157 675 1259 multiplici⁴
691 1159 803 1234 utitur
827 1165 1037 1256 argumento
1061 1159 1158 1257 quod
1183 1159 1302 1237 adbuc
1326 1162 1362 1237 iu

190 1271 427 1395 senotrsvrg'u
446 1288 1364 1370 eracorrimacarnunaencuesraecaronnacum-

190 1424 376 1501 nissimam
402 1423 623 1500 sanctionem
653 1420 787 1520 accepit
803 1421 824 1497 ¹.
852 1423 1111 1520 Argumentum
1135 1423 1267 1499 ruorule
1289 1452 1362 1504 non

189 1556 335 1656 quidem
359 1554 501 1650 evolvit,
531 1553 594 1630 sed
619 1552 773 1629 delineat
799 1561 939 1629 tantum
963 1553 1106 1631 Boetius
1130 1555 1217 1631 dum
1242 1557 1359 1637 dicit:

193 1719 212 1753 α
230 1691 355 1786 Deum,
367 1712 488 1765 rerum
504 1686 669 1763 omnium
682 1685 883 1787 principem
897 1686 1141 1788 bonumesse,
1158 1691 1361 1771 communis

188 1822 431 1898 humanorum
460 1821 646 1922 conceptio
679 1821 803 1920 probat
842 1819 1047 1896 animorum
1064 1821 1088 1897 ².
1127 1854 1143 1888 i
1176 1823 1260 1901 Haec
1287 1826 1362 1902 ani·

187 1976 330 2028 morum
356 1952 544 2029 consensio
566 1960 713 2027 vocatur
733 1977 753 2029 a
775 1953 990 2029 Tertulliano
1016 1983 1024 2027 :
1058 1981 1072 2015 r
1101 1954 1361 2036 Testimonium

187 2084 317 2160 animae
341 2083 548 2160 naturaliter
576 2082 790 2179 christianae,
819 2083 983 2160 doctrina
1003 2096 1176 2166 naturae...
1202 2120 1216 2179 r
1248 2091 1362 2168 «haec

188 2215 429 2292 testimonia...
463 2221 597 2314 quanto
625 2215 850 2311 communia,
880 2226 978 2294 tanto
1005 2218 1197 2317 naturalia,
1226 2232 1362 2320 quanto

188 2348 380 2444 naturalia,
403 2356 501 2425 tanto
517 2349 638 2424 divina
655 2346 679 2422 ³.
701 2382 720 2417 u

240 2483 498 2579 Argumentum
513 2480 708 2579 pbprr'curu,
720 2504 783 2557 seu
794 2504 836 2557 ex
853 2481 970 2559 causis
985 2480 1152 2559 finalibus
1167 2483 1362 2561 deductum

185 2637 205 2689 a
234 2613 822 2715 contemplationehujusmundi
855 2616 1016 2712 visibilis,
1047 2640 1204 2693 necnon
1233 2618 1278 2693 ab
1301 2642 1363 2694 or·
1443 2601 1445 2604 ’

185 2746 268 2821 dinc
306 2744 546 2845 pulcherrimo
584 2745 691 2820 totius
726 2756 864 2822 natura
907 2771 948 2823 ae
985 2771 1105 2822 retum
1144 2747 1362 2826 naturalium
1468 2809 1473 2815 .

185 2875 302 2954 stabili
318 2885 562 2979 perpetuoque
577 2901 682 2953 cursu
704 2878 882 2978 praecipue
898 2879 1074 2955 desumit:
1090 2913 1106 2944 r
1130 2881 1282 2956 Mundus
1301 2881 1362 2956 hic

184 3035 226 3085 ex
253 3019 326 3085 tam
350 3008 500 3086 diversis
529 3006 787 3108 contrariisque
819 3010 978 3110 partibus
1001 3010 1038 3085 in
1068 3008 1175 3086 unam
1205 3009 1360 3088 formam

185 3142 333 3219 minime
356 3144 582 3219 convenisset
602 3142 669 3218 nisi
694 3167 785 3218 unus
810 3149 903 3218 esset
927 3142 986 3243 qui
1016 3149 1088 3217 tam
1113 3142 1252 3219 diversa
1279 3167 1362 3222 cun-

180 3278 365 3376 jungeret,
382 3276 573 3373 conjuncta
587 3299 669 3351 vero
687 3283 895 3350 naturarum
907 3274 985 3374 ipsa
996 3273 1195 3372 diversitas,
1207 3274 1361 3352 invicem

183 3407 332 3504 discors,
359 3407 569 3484 dissociaret
596 3415 702 3505 atque
726 3404 924 3503 divelleret,
951 3403 1018 3478 nisi
1053 3428 1145 3479 unus
1171 3414 1274 3499 esset,
1299 3406 1377 3505 qui·

182 3536 279 3636 quod
301 3537 421 3613 nexuit
445 3537 652 3614 contineret.
677 3537 751 3611 Non
776 3542 845 3609 tam
871 3560 953 3612 vero
977 3544 1093 3611 certus
1116 3546 1252 3612 naturae
1272 3537 1359 3614 ordo

184 3669 404 3771 procederet,
435 3694 499 3746 nec
531 3678 603 3744 tarn
640 3669 831 3770 dispositos
862 3677 977 3746 motus
1002 3669 1101 3769 locis,
1125 3671 1358 3772 temporibus,

183 3800 385 3896 efficientia,
412 3801 553 3901 spatiis,
576 3800 804 3900 qualitatibus
825 3802 1030 3902 explicaret,
1052 3801 1118 3879 nisi
1143 3827 1233 3879 uuus
1253 3812 1360 3901 esset,

920 4010 1356 4025 -....---....---.......

220 4104 229 4140 ¹
254 4121 264 4149 ι
283 4103 380 4153 Eadem
394 4108 483 4153 sancta
500 4109 584 4153 mater
601 4105 709 4154 ecclesia
729 4110 800 4155 tonet
812 4110 838 4154 et
849 4106 924 4154 docet
939 4122 944 4155 ;
957 4107 1039 4155 Deum
1054 4121 1141 4154 rerum
1155 4105 1272 4154 omnium
1284 4105 1357 4168 priu-

183 4184 280 4248 cipium
293 4189 319 4233 et
330 4183 420 4241 linem,
432 4184 542 4233 naturali
557 4185 677 4234 humanat
690 4185 796 4235 rationis
808 4185 907 4234 lumine
920 4200 933 4235 e
946 4186 1024 4234 rebus
1037 4184 1130 4234 creatis
1148 4189 1219 4233 certo
1238 4184 1360 4247 cognosci

182 4276 277 4326 posse:
291 4262 430 4313 invisibilia
441 4264 512 4312 enirn
525 4263 615 4326 ipsius,
628 4278 643 4312 a
656 4269 772 4314 creatura
787 4265 876 4313 mundi
889 4279 935 4327 per
948 4279 978 4312 ea
994 4278 1051 4326 quae
1065 4264 1211 4323 factasunt,
1225 4262 1357 4311 intellecta
1397 4276 1400 4281 ·

182 4342 378 4404 conspiciuntur
391 4341 500 4405 (concil.
513 4344 592 4392 vatic.
606 4358 669 4392 sess.
683 4343 718 4405 3³,
729 4345 835 4392 constit.
852 4344 885 4391 de
897 4343 951 4405 fide
963 4344 1026 4390 catti
1038 4342 1060 4403 J.
1080 4361 1090 4386 r

215 4424 228 4456 ¹
251 4420 368 4485 Coirsol„
383 4423 427 4473 lib.
441 4425 485 4482 ΙΙΙ,
499 4437 567 4486 pros.
584 4423 622 4473 tu.

217 4503 230 4537 ⁸
252 4502 289 4551 De
303 4502 464 4553 Testimouio
478 4503 589 4564 uuimae,
604 4502 709 4566 passim.
