<?xml version="1.0" encoding="UTF-8"?>
<!DOCTYPE html PUBLIC "-//W3C//DTD XHTML 1.0 Transitional//EN"
    "http://www.w3.org/TR/xhtml1/DTD/xhtml1-transitional.dtd">
<html xmlns="http://www.w3.org/1999/xhtml" xml:lang="en" lang="en">
 <head>
  <title>
</title>
<meta http-equiv="Content-Type" content="text/html;charset=utf-8" />
  <meta name='ocr-system' content='tesseract 3.04.00' />
  <meta name='ocr-capabilities' content='ocr_page ocr_carea ocr_par ocr_line ocrx_word'/>
</head>
<body>
  <div class='ocr_page' id='page_1' title='image "./deamseverinoboe00bourgoog_0108.png"; bbox 0 0 3240 5468; ppageno 0'>
   <div class='ocr_carea' id='block_1_1' title="bbox 720 443 896 512">
    <p class='ocr_par' dir='ltr' id='par_1_1' title="bbox 720 443 896 512">
     <span class='ocr_line' id='line_1_1' title="bbox 720 443 896 512; baseline -0.006 -1"><span class='ocrx_word' id='word_1_1' title='bbox 720 481 762 492; x_wconf 84' lang='lat'><strong>—-</strong></span> <span class='ocrx_word' id='word_1_2' title='bbox 787 443 829 512; x_wconf 77' lang='grc'><strong>93</strong></span> <span class='ocrx_word' id='word_1_3' title='bbox 853 483 896 492; x_wconf 94' lang='grc'>-</span> 
     </span>
    </p>
   </div>
   <div class='ocr_carea' id='block_1_2' title="bbox 205 631 1492 3266">
    <p class='ocr_par' dir='ltr' id='par_1_2' title="bbox 205 631 1492 3266">
     <span class='ocr_line' id='line_1_2' title="bbox 214 631 1395 735; baseline 0.009 -34"><span class='ocrx_word' id='word_1_4' title='bbox 214 666 244 701; x_wconf 71' lang='lat' dir='ltr'><strong>a</strong></span> <span class='ocrx_word' id='word_1_5' title='bbox 277 632 516 734; x_wconf 80' lang='lat' dir='ltr'><strong>ambiguum:</strong></span> <span class='ocrx_word' id='word_1_6' title='bbox 544 633 666 710; x_wconf 87' lang='lat' dir='ltr'><strong>subest</strong></span> <span class='ocrx_word' id='word_1_7' title='bbox 690 632 785 709; x_wconf 90' lang='lat' dir='ltr'><strong>enirn</strong></span> <span class='ocrx_word' id='word_1_8' title='bbox 811 632 946 732; x_wconf 92' lang='lat' dir='ltr'><strong>aliquid</strong></span> <span class='ocrx_word' id='word_1_9' title='bbox 971 631 1079 732; x_wconf 91' lang='lat' dir='ltr'><strong>quod,</strong></span> <span class='ocrx_word' id='word_1_10' title='bbox 1106 633 1135 709; x_wconf 92' lang='lat' dir='ltr'><strong>si</strong></span> <span class='ocrx_word' id='word_1_11' title='bbox 1157 633 1395 735; x_wconf 87' lang='lat' dir='ltr'><strong>incorporalia</strong></span> 
     </span>
     <span class='ocr_line' id='line_1_3' title="bbox 228 764 1395 870; baseline 0.01 -36"><span class='ocrx_word' id='word_1_12' title='bbox 228 800 245 834; x_wconf 83' lang='lat'><strong>»</strong></span> <span class='ocrx_word' id='word_1_13' title='bbox 277 791 389 865; x_wconf 86' lang='lat' dir='ltr'><strong>genus</strong></span> <span class='ocrx_word' id='word_1_14' title='bbox 412 774 447 842; x_wconf 87' lang='lat' dir='ltr'><strong>et</strong></span> <span class='ocrx_word' id='word_1_15' title='bbox 462 766 598 866; x_wconf 92' lang='lat' dir='ltr'><strong>species</strong></span> <span class='ocrx_word' id='word_1_16' title='bbox 614 764 798 864; x_wconf 90' lang='lat' dir='ltr'><strong>dicantur,</strong></span> <span class='ocrx_word' id='word_1_17' title='bbox 826 764 987 842; x_wconf 88' lang='lat' dir='ltr'><strong>obsideat</strong></span> <span class='ocrx_word' id='word_1_18' title='bbox 1004 764 1272 866; x_wconf 84' lang='lat' dir='ltr'><strong>intelligentiam</strong></span> <span class='ocrx_word' id='word_1_19' title='bbox 1289 776 1395 870; x_wconf 89' lang='lat' dir='ltr'><strong>atque</strong></span> 
     </span>
     <span class='ocr_line' id='line_1_4' title="bbox 228 897 1396 1001; baseline 0.009 -35"><span class='ocrx_word' id='word_1_20' title='bbox 228 933 245 966; x_wconf 66' lang='lat' dir='ltr'><strong>s</strong></span> <span class='ocrx_word' id='word_1_21' title='bbox 278 897 456 994; x_wconf 86' lang='lat' dir='ltr'><strong>detineat,</strong></span> <span class='ocrx_word' id='word_1_22' title='bbox 487 897 619 975; x_wconf 80' lang='lat' dir='ltr'><strong>exsolvi</strong></span> <span class='ocrx_word' id='word_1_23' title='bbox 648 897 836 998; x_wconf 90' lang='lat' dir='ltr'><strong>postulans</strong></span> <span class='ocrx_word' id='word_1_24' title='bbox 866 906 987 974; x_wconf 92' lang='lat' dir='ltr'><strong>utrum</strong></span> <span class='ocrx_word' id='word_1_25' title='bbox 1018 898 1112 975; x_wconf 90' lang='lat' dir='ltr'><strong>circa</strong></span> <span class='ocrx_word' id='word_1_26' title='bbox 1141 923 1290 1000; x_wconf 92' lang='lat' dir='ltr'><strong>corpora</strong></span> <span class='ocrx_word' id='word_1_27' title='bbox 1315 901 1396 1001; x_wconf 91' lang='lat' dir='ltr'><strong>ipsa</strong></span> 
     </span>
     <span class='ocr_line' id='line_1_5' title="bbox 229 1031 1396 1133; baseline 0.006 -32"><span class='ocrx_word' id='word_1_28' title='bbox 229 1066 245 1101; x_wconf 66' lang='lat' dir='ltr'><strong>s</strong></span> <span class='ocrx_word' id='word_1_29' title='bbox 278 1031 487 1132; x_wconf 79' lang='lat' dir='ltr'><strong>subsistant,</strong></span> <span class='ocrx_word' id='word_1_30' title='bbox 513 1056 559 1108; x_wconf 93' lang='lat' dir='ltr'><strong>an</strong></span> <span class='ocrx_word' id='word_1_31' title='bbox 580 1032 838 1133; x_wconf 77' lang='lat' dir='ltr'><strong>etiam‘praeter</strong></span> <span class='ocrx_word' id='word_1_32' title='bbox 859 1055 1008 1133; x_wconf 91' lang='lat' dir='ltr'><strong>corpora</strong></span> <span class='ocrx_word' id='word_1_33' title='bbox 1031 1033 1256 1110; x_wconf 90' lang='lat' dir='ltr'><strong>subsistentia</strong></span> <span class='ocrx_word' id='word_1_34' title='bbox 1277 1033 1396 1113; x_wconf 91' lang='lat' dir='ltr'><strong>incor-</strong></span> 
     </span>
     <span class='ocr_line' id='line_1_6' title="bbox 229 1160 1290 1266; baseline 0.011 -34"><span class='ocrx_word' id='word_1_35' title='bbox 229 1200 246 1232; x_wconf 80' lang='lat'>.</span> <span class='ocrx_word' id='word_1_36' title='bbox 278 1164 420 1266; x_wconf 86' lang='lat' dir='ltr'><strong>parales</strong></span> <span class='ocrx_word' id='word_1_37' title='bbox 440 1188 518 1241; x_wconf 89' lang='lat' dir='ltr'><strong>esse</strong></span> <span class='ocrx_word' id='word_1_38' title='bbox 532 1164 721 1241; x_wconf 86' lang='lat' dir='ltr'><strong>rideantur</strong></span> <span class='ocrx_word' id='word_1_39' title='bbox 737 1160 759 1242; x_wconf 85' lang='lat'><strong>¹.</strong></span> <span class='ocrx_word' id='word_1_40' title='bbox 782 1198 797 1229; x_wconf 69' lang='grc' dir='ltr'><strong>ι»</strong></span> <span class='ocrx_word' id='word_1_41' title='bbox 1287 1185 1290 1191; x_wconf 88' lang='grc'><strong><em>·</em></strong></span> 
     </span>
     <span class='ocr_line' id='line_1_7' title="bbox 278 1297 1396 1398; baseline 0.003 -25"><span class='ocrx_word' id='word_1_42' title='bbox 278 1297 1396 1398; x_wconf 81' lang='lat' dir='ltr'><strong>ddhancsolvendamquaestionembacconsiderationeutitur</strong></span> 
     </span>
     <span class='ocr_line' id='line_1_8' title="bbox 223 1430 1396 1534; baseline 0.003 -28"><span class='ocrx_word' id='word_1_43' title='bbox 223 1430 394 1507; x_wconf 79' lang='lat' dir='ltr'><strong>Boetius:</strong></span> <span class='ocrx_word' id='word_1_44' title='bbox 416 1431 584 1507; x_wconf 85' lang='lat' dir='ltr'><strong>Videmus</strong></span> <span class='ocrx_word' id='word_1_45' title='bbox 608 1430 752 1530; x_wconf 87' lang='lat' dir='ltr'><strong>quidem</strong></span> <span class='ocrx_word' id='word_1_46' title='bbox 778 1433 993 1532; x_wconf 85' lang='lat' dir='ltr'><strong>singularia,</strong></span> <span class='ocrx_word' id='word_1_47' title='bbox 1019 1432 1250 1534; x_wconf 83' lang='lat' dir='ltr'><strong>intelligimus</strong></span> <span class='ocrx_word' id='word_1_48' title='bbox 1274 1441 1396 1509; x_wconf 89' lang='lat' dir='ltr'><strong>antem</strong></span> 
     </span>
     <span class='ocr_line' id='line_1_9' title="bbox 223 1563 1395 1666; baseline 0.003 -29"><span class='ocrx_word' id='word_1_49' title='bbox 223 1563 456 1663; x_wconf 80' lang='lat' dir='ltr'><strong>universalia,</strong></span> <span class='ocrx_word' id='word_1_50' title='bbox 484 1589 613 1664; x_wconf 81' lang='lat' dir='ltr'><strong>genera</strong></span> <span class='ocrx_word' id='word_1_51' title='bbox 640 1564 773 1642; x_wconf 86' lang='lat' dir='ltr'><strong>scilicet</strong></span> <span class='ocrx_word' id='word_1_52' title='bbox 797 1574 832 1641; x_wconf 89' lang='lat' dir='ltr'><strong>ct</strong></span> <span class='ocrx_word' id='word_1_53' title='bbox 856 1566 1003 1666; x_wconf 88' lang='lat' dir='ltr'><strong>species.</strong></span> <span class='ocrx_word' id='word_1_54' title='bbox 1028 1597 1044 1632; x_wconf 75' lang='lat' dir='ltr'><strong>r</strong></span> <span class='ocrx_word' id='word_1_55' title='bbox 1069 1566 1103 1641; x_wconf 90' lang='lat' dir='ltr'><strong>Si</strong></span> <span class='ocrx_word' id='word_1_56' title='bbox 1120 1575 1240 1643; x_wconf 88' lang='lat' dir='ltr'><strong>autem</strong></span> <span class='ocrx_word' id='word_1_57' title='bbox 1257 1568 1395 1666; x_wconf 83' lang='lat' dir='ltr'><strong>generis</strong></span> 
     </span>
     <span class='ocr_line' id='line_1_10' title="bbox 228 1697 1394 1800; baseline 0 -26"><span class='ocrx_word' id='word_1_58' title='bbox 228 1731 245 1766; x_wconf 69' lang='lat' dir='ltr'><strong>a</strong></span> <span class='ocrx_word' id='word_1_59' title='bbox 278 1705 312 1775; x_wconf 88' lang='lat' dir='ltr'><strong>et</strong></span> <span class='ocrx_word' id='word_1_60' title='bbox 327 1697 457 1798; x_wconf 92' lang='lat' dir='ltr'><strong>speciei</strong></span> <span class='ocrx_word' id='word_1_61' title='bbox 473 1706 755 1797; x_wconf 81' lang='lat' dir='ltr'><strong>caeterorumque</strong></span> <span class='ocrx_word' id='word_1_62' title='bbox 774 1698 973 1775; x_wconf 88' lang='lat' dir='ltr'><strong>intellectus</strong></span> <span class='ocrx_word' id='word_1_63' title='bbox 984 1723 1026 1774; x_wconf 86' lang='lat' dir='ltr'><strong>ex</strong></span> <span class='ocrx_word' id='word_1_64' title='bbox 1042 1725 1079 1776; x_wconf 91' lang='lat' dir='ltr'><strong>rc</strong></span> <span class='ocrx_word' id='word_1_65' title='bbox 1095 1700 1252 1800; x_wconf 88' lang='lat' dir='ltr'><strong>subjectu</strong></span> <span class='ocrx_word' id='word_1_66' title='bbox 1264 1699 1394 1799; x_wconf 85' lang='lat' dir='ltr'><strong>veniat,</strong></span> 
     </span>
     <span class='ocr_line' id='line_1_11' title="bbox 229 1831 1395 1932; baseline 0.007 -33"><span class='ocrx_word' id='word_1_67' title='bbox 229 1866 246 1899; x_wconf 82' lang='grc'><em>»</em></span> <span class='ocrx_word' id='word_1_68' title='bbox 277 1831 389 1908; x_wconf 89' lang='lat' dir='ltr'><strong>itaut</strong></span> <span class='ocrx_word' id='word_1_69' title='bbox 417 1856 494 1908; x_wconf 88' lang='lat' dir='ltr'><strong>sese</strong></span> <span class='ocrx_word' id='word_1_70' title='bbox 522 1855 578 1907; x_wconf 85' lang='lat' dir='ltr'><strong>res</strong></span> <span class='ocrx_word' id='word_1_71' title='bbox 606 1832 685 1932; x_wconf 91' lang='lat' dir='ltr'><strong>ipsa</strong></span> <span class='ocrx_word' id='word_1_72' title='bbox 710 1832 817 1907; x_wconf 92' lang='lat' dir='ltr'><strong>babet</strong></span> <span class='ocrx_word' id='word_1_73' title='bbox 846 1856 928 1931; x_wconf 81' lang='lat' dir='ltr'><strong>quae</strong></span> <span class='ocrx_word' id='word_1_74' title='bbox 957 1831 1188 1931; x_wconf 83' lang='lat' dir='ltr'><strong>intelligitur,</strong></span> <span class='ocrx_word' id='word_1_75' title='bbox 1215 1835 1295 1931; x_wconf 83' lang='lat' dir='ltr'><strong>jam</strong></span> <span class='ocrx_word' id='word_1_76' title='bbox 1323 1850 1395 1907; x_wconf 80' lang='lat' dir='ltr'><strong>coo</strong></span> 
     </span>
     <span class='ocr_line' id='line_1_12' title="bbox 230 1965 1397 2065; baseline -0.001 -24"><span class='ocrx_word' id='word_1_77' title='bbox 230 2000 247 2032; x_wconf 68' lang='lat' dir='ltr'><strong>a</strong></span> <span class='ocrx_word' id='word_1_78' title='bbox 281 1980 417 2041; x_wconf 82' lang='lat' dir='ltr'><strong>tautum</strong></span> <span class='ocrx_word' id='word_1_79' title='bbox 432 1965 605 2041; x_wconf 81' lang='lat' dir='ltr'><strong>intellectu</strong></span> <span class='ocrx_word' id='word_1_80' title='bbox 616 1966 730 2065; x_wconf 79' lang='lat' dir='ltr'><strong>positu</strong></span> <span class='ocrx_word' id='word_1_81' title='bbox 746 1979 843 2054; x_wconf 79' lang='lat' dir='ltr'><strong>aaut,</strong></span> <span class='ocrx_word' id='word_1_82' title='bbox 866 1967 924 2040; x_wconf 82' lang='lat' dir='ltr'><strong>aed</strong></span> <span class='ocrx_word' id='word_1_83' title='bbox 942 1966 981 2039; x_wconf 84' lang='lat' dir='ltr'><strong>t&#39;n</strong></span> <span class='ocrx_word' id='word_1_84' title='bbox 1000 1989 1119 2040; x_wconf 82' lang='lat' dir='ltr'><strong>rerum</strong></span> <span class='ocrx_word' id='word_1_85' title='bbox 1135 1967 1238 2042; x_wconf 79' lang='lat' dir='ltr'><strong>etium</strong></span> <span class='ocrx_word' id='word_1_86' title='bbox 1252 1968 1397 2042; x_wconf 76' lang='lat' dir='ltr'><strong>veritate</strong></span> 
     </span>
     <span class='ocr_line' id='line_1_13' title="bbox 229 2093 1396 2200; baseline 0.003 -26"><span class='ocrx_word' id='word_1_87' title='bbox 229 2131 246 2166; x_wconf 70' lang='lat' dir='ltr'>n</span> <span class='ocrx_word' id='word_1_88' title='bbox 277 2099 469 2174; x_wconf 76' lang='lat' dir='ltr'><strong>consistunt</strong></span> <span class='ocrx_word' id='word_1_89' title='bbox 482 2093 506 2173; x_wconf 72' lang='lat'><strong>³.</strong></span> <span class='ocrx_word' id='word_1_90' title='bbox 525 2101 607 2172; x_wconf 77' lang='lat' dir='ltr'><strong>»An</strong></span> <span class='ocrx_word' id='word_1_91' title='bbox 623 2098 786 2174; x_wconf 85' lang='lat' dir='ltr'><strong>dicemus</strong></span> <span class='ocrx_word' id='word_1_92' title='bbox 804 2131 820 2165; x_wconf 75' lang='lat' dir='ltr'><strong>r</strong></span> <span class='ocrx_word' id='word_1_93' title='bbox 839 2098 987 2175; x_wconf 90' lang='lat' dir='ltr'><strong>inanem</strong></span> <span class='ocrx_word' id='word_1_94' title='bbox 1000 2099 1268 2200; x_wconf 84' lang='lat' dir='ltr'><strong>conceptionem</strong></span> <span class='ocrx_word' id='word_1_95' title='bbox 1285 2135 1302 2169; x_wconf 72' lang='lat'><strong>2»</strong></span> <span class='ocrx_word' id='word_1_96' title='bbox 1317 2125 1396 2178; x_wconf 89' lang='lat' dir='ltr'><strong>esse</strong></span> 
     </span>
     <span class='ocr_line' id='line_1_14' title="bbox 224 2230 1396 2334; baseline 0.003 -28"><span class='ocrx_word' id='word_1_97' title='bbox 224 2231 314 2308; x_wconf 90' lang='lat' dir='ltr'><strong>illud</strong></span> <span class='ocrx_word' id='word_1_98' title='bbox 338 2230 538 2308; x_wconf 88' lang='lat' dir='ltr'><strong>universale</strong></span> <span class='ocrx_word' id='word_1_99' title='bbox 564 2232 659 2330; x_wconf 89' lang='lat' dir='ltr'><strong>quod</strong></span> <span class='ocrx_word' id='word_1_100' title='bbox 684 2256 761 2308; x_wconf 87' lang='lat' dir='ltr'><strong>sese</strong></span> <span class='ocrx_word' id='word_1_101' title='bbox 785 2231 918 2320; x_wconf 89' lang='lat' dir='ltr'><strong>intueri</strong></span> <span class='ocrx_word' id='word_1_102' title='bbox 942 2233 1034 2308; x_wconf 90' lang='lat' dir='ltr'><strong>ratio</strong></span> <span class='ocrx_word' id='word_1_103' title='bbox 1053 2237 1182 2334; x_wconf 89' lang='lat' dir='ltr'><strong>putet?</strong></span> <span class='ocrx_word' id='word_1_104' title='bbox 1206 2236 1260 2309; x_wconf 79' lang='lat' dir='ltr'><strong>dn</strong></span> <span class='ocrx_word' id='word_1_105' title='bbox 1282 2234 1396 2310; x_wconf 87' lang='lat' dir='ltr'><strong>lalsus</strong></span> 
     </span>
     <span class='ocr_line' id='line_1_15' title="bbox 225 2358 1492 2468; baseline 0.002 -28"><span class='ocrx_word' id='word_1_106' title='bbox 225 2371 278 2440; x_wconf 93' lang='lat' dir='ltr'><strong>est</strong></span> <span class='ocrx_word' id='word_1_107' title='bbox 304 2361 505 2440; x_wconf 87' lang='lat' dir='ltr'><strong>intellectus</strong></span> <span class='ocrx_word' id='word_1_108' title='bbox 533 2364 594 2468; x_wconf 89' lang='lat' dir='ltr'><strong>qni</strong></span> <span class='ocrx_word' id='word_1_109' title='bbox 622 2358 719 2464; x_wconf 89' lang='lat' dir='ltr'><strong>quod</strong></span> <span class='ocrx_word' id='word_1_110' title='bbox 749 2364 794 2440; x_wconf 96' lang='lat' dir='ltr'><strong>sit</strong></span> <span class='ocrx_word' id='word_1_111' title='bbox 824 2362 989 2442; x_wconf 86' lang='lat' dir='ltr'><strong>sensibile</strong></span> <span class='ocrx_word' id='word_1_112' title='bbox 1015 2389 1056 2442; x_wconf 91' lang='lat' dir='ltr'><strong>ac</strong></span> <span class='ocrx_word' id='word_1_113' title='bbox 1086 2361 1268 2467; x_wconf 85' lang='lat' dir='ltr'><strong>singulare</strong></span> <span class='ocrx_word' id='word_1_114' title='bbox 1292 2368 1395 2468; x_wconf 88' lang='lat' dir='ltr'><strong>quasi</strong></span> <span class='ocrx_word' id='word_1_115' title='bbox 1489 2424 1492 2429; x_wconf 77' lang='lat'><em>·</em></span> 
     </span>
     <span class='ocr_line' id='line_1_16' title="bbox 224 2495 1394 2596; baseline 0.002 -23"><span class='ocrx_word' id='word_1_116' title='bbox 224 2495 397 2596; x_wconf 77' lang='lat' dir='ltr'><strong>quiddam</strong></span> <span class='ocrx_word' id='word_1_117' title='bbox 416 2497 615 2573; x_wconf 88' lang='lat' dir='ltr'><strong>universale</strong></span> <span class='ocrx_word' id='word_1_118' title='bbox 631 2498 830 2574; x_wconf 88' lang='lat' dir='ltr'><strong>consideret</strong></span> <span class='ocrx_word' id='word_1_119' title='bbox 844 2495 885 2571; x_wconf 86' lang='lat'><strong>³?</strong></span> <span class='ocrx_word' id='word_1_120' title='bbox 904 2501 1053 2576; x_wconf 89' lang='lat' dir='ltr'><strong>-Non</strong></span> <span class='ocrx_word' id='word_1_121' title='bbox 1077 2509 1131 2575; x_wconf 89' lang='lat' dir='ltr'><strong>est</strong></span> <span class='ocrx_word' id='word_1_122' title='bbox 1154 2500 1267 2577; x_wconf 86' lang='lat' dir='ltr'><strong>falsus</strong></span> <span class='ocrx_word' id='word_1_123' title='bbox 1286 2501 1394 2578; x_wconf 86' lang='lat' dir='ltr'><strong>intel-</strong></span> 
     </span>
     <span class='ocr_line' id='line_1_17' title="bbox 205 2617 1394 2733; baseline 0.006 -29"><span class='ocrx_word' id='word_1_124' title='bbox 205 2617 337 2707; x_wconf 87' lang='lat' dir='ltr'><strong>lectus</strong></span> <span class='ocrx_word' id='word_1_125' title='bbox 355 2631 416 2730; x_wconf 90' lang='lat' dir='ltr'><strong>qui</strong></span> <span class='ocrx_word' id='word_1_126' title='bbox 438 2631 593 2730; x_wconf 84' lang='lat' dir='ltr'><strong>concipit</strong></span> <span class='ocrx_word' id='word_1_127' title='bbox 612 2655 653 2707; x_wconf 93' lang='lat' dir='ltr'><strong>ac</strong></span> <span class='ocrx_word' id='word_1_128' title='bbox 676 2641 908 2733; x_wconf 89' lang='lat' dir='ltr'><strong>repraesentat</strong></span> <span class='ocrx_word' id='word_1_129' title='bbox 932 2657 1010 2711; x_wconf 91' lang='lat' dir='ltr'><strong>rem</strong></span> <span class='ocrx_word' id='word_1_130' title='bbox 1034 2635 1231 2710; x_wconf 89' lang='lat' dir='ltr'><strong>secundum</strong></span> <span class='ocrx_word' id='word_1_131' title='bbox 1246 2634 1394 2712; x_wconf 91' lang='lat' dir='ltr'><strong>modum</strong></span> 
     </span>
     <span class='ocr_line' id='line_1_18' title="bbox 224 2757 1396 2869; baseline 0.003 -29"><span class='ocrx_word' id='word_1_132' title='bbox 224 2765 490 2865; x_wconf 85' lang='lat' dir='ltr'><strong>cognoscentis,</strong></span> <span class='ocrx_word' id='word_1_133' title='bbox 528 2765 564 2840; x_wconf 94' lang='lat' dir='ltr'><strong>id</strong></span> <span class='ocrx_word' id='word_1_134' title='bbox 606 2773 659 2841; x_wconf 94' lang='lat' dir='ltr'><strong>est</strong></span> <span class='ocrx_word' id='word_1_135' title='bbox 700 2765 999 2866; x_wconf 76' lang='lat' dir='ltr'><strong>immaterialiter,</strong></span> <span class='ocrx_word' id='word_1_136' title='bbox 1043 2768 1316 2869; x_wconf 80' lang='lat' dir='ltr'><strong>incorporaliter</strong></span> <span class='ocrx_word' id='word_1_137' title='bbox 1339 2757 1396 2846; x_wconf 56' lang='lat' dir='ltr'><strong>net</strong></span> 
     </span>
     <span class='ocr_line' id='line_1_19' title="bbox 223 2886 1395 2978; baseline 0.003 -3"><span class='ocrx_word' id='word_1_138' title='bbox 223 2898 422 2975; x_wconf 87' lang='lat' dir='ltr'><strong>secundum</strong></span> <span class='ocrx_word' id='word_1_139' title='bbox 441 2898 679 2975; x_wconf 88' lang='lat' dir='ltr'><strong>intentionem</strong></span> <span class='ocrx_word' id='word_1_140' title='bbox 696 2886 973 2975; x_wconf 86' lang='lat' dir='ltr'><strong>universalitatis</strong></span> <span class='ocrx_word' id='word_1_141' title='bbox 987 2897 1010 2976; x_wconf 76' lang='lat'><strong>⁴.</strong></span> <span class='ocrx_word' id='word_1_142' title='bbox 1033 2901 1103 2977; x_wconf 89' lang='lat' dir='ltr'><strong>Sed</strong></span> <span class='ocrx_word' id='word_1_143' title='bbox 1119 2902 1358 2978; x_wconf 88' lang='lat' dir='ltr'><strong>abstrahendo</strong></span> <span class='ocrx_word' id='word_1_144' title='bbox 1374 2925 1395 2978; x_wconf 91' lang='lat' dir='ltr'><strong>a</strong></span> 
     </span>
     <span class='ocr_line' id='line_1_20' title="bbox 223 3011 1394 3111; baseline 0.003 -4"><span class='ocrx_word' id='word_1_145' title='bbox 223 3011 807 3107; x_wconf 75' lang='lat' dir='ltr'><strong>conditionibusindividuantihus</strong></span> <span class='ocrx_word' id='word_1_146' title='bbox 828 3012 1394 3111; x_wconf 73' lang='lat' dir='ltr'><strong>acconcrertsrnaivunsnad-</strong></span> 
     </span>
     <span class='ocr_line' id='line_1_21' title="bbox 205 3150 1391 3266; baseline 0.003 -25"><span class='ocrx_word' id='word_1_147' title='bbox 205 3156 301 3242; x_wconf 72' lang='lat' dir='ltr'><strong>&#39;&#39;ram</strong></span> <span class='ocrx_word' id='word_1_148' title='bbox 316 3164 555 3241; x_wconf 90' lang='lat' dir='ltr'><strong>universalem</strong></span> <span class='ocrx_word' id='word_1_149' title='bbox 579 3164 774 3265; x_wconf 85' lang='lat' dir='ltr'><strong>intelligere</strong></span> <span class='ocrx_word' id='word_1_150' title='bbox 789 3173 921 3266; x_wconf 92' lang='lat' dir='ltr'><strong>potest,</strong></span> <span class='ocrx_word' id='word_1_151' title='bbox 942 3189 983 3242; x_wconf 87' lang='lat' dir='ltr'><strong>ac</strong></span> <span class='ocrx_word' id='word_1_152' title='bbox 1005 3165 1153 3244; x_wconf 89' lang='lat' dir='ltr'><strong>minime</strong></span> <span class='ocrx_word' id='word_1_153' title='bbox 1173 3150 1285 3244; x_wconf 85' lang='lat' dir='ltr'><strong>falsus</strong></span> <span class='ocrx_word' id='word_1_154' title='bbox 1301 3176 1355 3245; x_wconf 89' lang='lat' dir='ltr'><strong>est</strong></span> <span class='ocrx_word' id='word_1_155' title='bbox 1369 3167 1391 3245; x_wconf 86' lang='lat'><strong>⁵.</strong></span> 
     </span>
    </p>
   </div>
   <div class='ocr_carea' id='block_1_3' title="bbox 169 3507 1395 4619">
    <p class='ocr_par' dir='ltr' id='par_1_3' title="bbox 169 3507 1395 4619">
     <span class='ocr_line' id='line_1_22' title="bbox 258 3507 1137 3573; baseline 0.002 -15"><span class='ocrx_word' id='word_1_156' title='bbox 258 3513 266 3544; x_wconf 87' lang='lat'>¹</span> <span class='ocrx_word' id='word_1_157' title='bbox 289 3508 324 3558; x_wconf 79' lang='lat' dir='ltr'><strong>In</strong></span> <span class='ocrx_word' id='word_1_158' title='bbox 336 3507 468 3572; x_wconf 78' lang='lat' dir='ltr'><strong>Porpbpr.</strong></span> <span class='ocrx_word' id='word_1_159' title='bbox 482 3522 499 3557; x_wconf 87' lang='grc' dir='ltr'>α</span> <span class='ocrx_word' id='word_1_160' title='bbox 512 3522 540 3558; x_wconf 78' lang='lat' dir='ltr'><strong>ae</strong></span> <span class='ocrx_word' id='word_1_161' title='bbox 552 3509 692 3570; x_wconf 73' lang='lat' dir='ltr'><strong>translat,</strong></span> <span class='ocrx_word' id='word_1_162' title='bbox 704 3507 749 3558; x_wconf 89' lang='lat' dir='ltr'><strong>lib.</strong></span> <span class='ocrx_word' id='word_1_163' title='bbox 762 3507 783 3570; x_wconf 88' lang='grc' dir='ltr'><strong>Ι,</strong></span> <span class='ocrx_word' id='word_1_164' title='bbox 797 3508 893 3573; x_wconf 61' lang='lat' dir='ltr'><strong>Minna,</strong></span> <span class='ocrx_word' id='word_1_165' title='bbox 903 3513 922 3559; x_wconf 88' lang='lat' dir='ltr'><strong>t.</strong></span> <span class='ocrx_word' id='word_1_166' title='bbox 938 3507 1023 3570; x_wconf 85' lang='lat' dir='ltr'><strong>LXIV,</strong></span> <span class='ocrx_word' id='word_1_167' title='bbox 1036 3508 1086 3560; x_wconf 90' lang='lat' dir='ltr'><strong>col.</strong></span> <span class='ocrx_word' id='word_1_168' title='bbox 1099 3508 1137 3560; x_wconf 68' lang='lat'><strong>82.</strong></span> 
     </span>
     <span class='ocr_line' id='line_1_23' title="bbox 256 3588 482 3651; baseline 0 -13"><span class='ocrx_word' id='word_1_169' title='bbox 256 3593 268 3625; x_wconf 77' lang='lat'>²</span> <span class='ocrx_word' id='word_1_170' title='bbox 288 3589 368 3651; x_wconf 65' lang='lat' dir='ltr'><strong>Iota,</strong></span> <span class='ocrx_word' id='word_1_171' title='bbox 382 3589 431 3638; x_wconf 91' lang='lat' dir='ltr'><strong>col.</strong></span> <span class='ocrx_word' id='word_1_172' title='bbox 444 3588 482 3639; x_wconf 79' lang='lat' dir='ltr'><strong>et.</strong></span> 
     </span>
     <span class='ocr_line' id='line_1_24' title="bbox 242 3668 611 3732; baseline -0.011 -10"><span class='ocrx_word' id='word_1_173' title='bbox 242 3671 268 3722; x_wconf 73' lang='lat'><strong>1³</strong></span> <span class='ocrx_word' id='word_1_174' title='bbox 290 3668 408 3730; x_wconf 79' lang='lat' dir='ltr'><strong>Consul,</strong></span> <span class='ocrx_word' id='word_1_175' title='bbox 419 3668 465 3719; x_wconf 89' lang='lat' dir='ltr'><strong>lib.</strong></span> <span class='ocrx_word' id='word_1_176' title='bbox 478 3669 519 3729; x_wconf 91' lang='lat' dir='ltr'><strong>V.,</strong></span> <span class='ocrx_word' id='word_1_177' title='bbox 533 3683 572 3732; x_wconf 91' lang='lat' dir='ltr'><strong>pr.</strong></span> <span class='ocrx_word' id='word_1_178' title='bbox 586 3671 611 3720; x_wconf 90' lang='lat'><strong>5.</strong></span> 
     </span>
     <span class='ocr_line' id='line_1_25' title="bbox 255 3744 1394 3810; baseline 0.001 -14"><span class='ocrx_word' id='word_1_179' title='bbox 255 3749 267 3782; x_wconf 78' lang='lat'><strong>⁴</strong></span> <span class='ocrx_word' id='word_1_180' title='bbox 287 3747 347 3796; x_wconf 91' lang='lat' dir='ltr'><strong>Non</strong></span> <span class='ocrx_word' id='word_1_181' title='bbox 360 3745 430 3795; x_wconf 89' lang='lat' dir='ltr'><strong>enim</strong></span> <span class='ocrx_word' id='word_1_182' title='bbox 442 3759 550 3796; x_wconf 87' lang='lat' dir='ltr'><strong>necesse</strong></span> <span class='ocrx_word' id='word_1_183' title='bbox 563 3761 620 3796; x_wconf 89' lang='lat' dir='ltr'><strong>esse</strong></span> <span class='ocrx_word' id='word_1_184' title='bbox 633 3747 744 3798; x_wconf 88' lang='lat' dir='ltr'><strong>dicimus</strong></span> <span class='ocrx_word' id='word_1_185' title='bbox 759 3761 867 3797; x_wconf 91' lang='lat' dir='ltr'><strong>omnem</strong></span> <span class='ocrx_word' id='word_1_186' title='bbox 880 3746 1044 3798; x_wconf 82' lang='lat' dir='ltr'><strong>intellectum</strong></span> <span class='ocrx_word' id='word_1_187' title='bbox 1060 3744 1106 3809; x_wconf 85' lang='lat' dir='ltr'><strong>qui</strong></span> <span class='ocrx_word' id='word_1_188' title='bbox 1120 3744 1277 3808; x_wconf 80' lang='lat' dir='ltr'><strong>eusubjecto</strong></span> <span class='ocrx_word' id='word_1_189' title='bbox 1289 3745 1394 3810; x_wconf 84' lang='lat' dir='ltr'><strong>quidem</strong></span> 
     </span>
     <span class='ocr_line' id='line_1_26' title="bbox 223 3826 1395 3892; baseline 0.001 -14"><span class='ocrx_word' id='word_1_190' title='bbox 223 3829 256 3878; x_wconf 89' lang='lat' dir='ltr'><strong>sit</strong></span> <span class='ocrx_word' id='word_1_191' title='bbox 267 3840 321 3876; x_wconf 91' lang='lat' dir='ltr'><strong>non</strong></span> <span class='ocrx_word' id='word_1_192' title='bbox 332 3831 422 3877; x_wconf 84' lang='lat' dir='ltr'><strong>tamen</strong></span> <span class='ocrx_word' id='word_1_193' title='bbox 436 3831 466 3876; x_wconf 92' lang='lat' dir='ltr'><strong>ut</strong></span> <span class='ocrx_word' id='word_1_194' title='bbox 485 3839 543 3876; x_wconf 83' lang='lat' dir='ltr'><strong>sese</strong></span> <span class='ocrx_word' id='word_1_195' title='bbox 557 3826 643 3890; x_wconf 90' lang='lat' dir='ltr'><strong>ipsum</strong></span> <span class='ocrx_word' id='word_1_196' title='bbox 655 3828 802 3891; x_wconf 86' lang='lat' dir='ltr'><strong>subjectum</strong></span> <span class='ocrx_word' id='word_1_197' title='bbox 813 3827 901 3892; x_wconf 88' lang='lat' dir='ltr'><strong>habet,</strong></span> <span class='ocrx_word' id='word_1_198' title='bbox 919 3828 1013 3877; x_wconf 86' lang='lat' dir='ltr'><strong>falsum</strong></span> <span class='ocrx_word' id='word_1_199' title='bbox 1028 3831 1056 3877; x_wconf 91' lang='lat' dir='ltr'><strong>et</strong></span> <span class='ocrx_word' id='word_1_200' title='bbox 1070 3841 1182 3877; x_wconf 88' lang='lat' dir='ltr'><strong>vacuum</strong></span> <span class='ocrx_word' id='word_1_201' title='bbox 1199 3826 1290 3877; x_wconf 85' lang='lat' dir='ltr'><strong>videri.</strong></span> <span class='ocrx_word' id='word_1_202' title='bbox 1312 3827 1341 3878; x_wconf 91' lang='lat' dir='ltr'><strong>In</strong></span> <span class='ocrx_word' id='word_1_203' title='bbox 1353 3827 1395 3879; x_wconf 87' lang='lat' dir='ltr'><strong>bis</strong></span> 
     </span>
     <span class='ocr_line' id='line_1_27' title="bbox 221 3906 1395 3973; baseline 0.002 -16"><span class='ocrx_word' id='word_1_204' title='bbox 221 3908 284 3957; x_wconf 91' lang='lat' dir='ltr'><strong>solis</strong></span> <span class='ocrx_word' id='word_1_205' title='bbox 296 3908 359 3957; x_wconf 80' lang='lat' dir='ltr'><strong>falsa</strong></span> <span class='ocrx_word' id='word_1_206' title='bbox 374 3906 460 3970; x_wconf 91' lang='lat' dir='ltr'><strong>opinio</strong></span> <span class='ocrx_word' id='word_1_207' title='bbox 473 3912 514 3956; x_wconf 81' lang='lat' dir='ltr'><strong>cst</strong></span> <span class='ocrx_word' id='word_1_208' title='bbox 526 3922 583 3970; x_wconf 85' lang='lat' dir='ltr'><strong>quae</strong></span> <span class='ocrx_word' id='word_1_209' title='bbox 596 3923 642 3970; x_wconf 86' lang='lat' dir='ltr'><strong>per</strong></span> <span class='ocrx_word' id='word_1_210' title='bbox 655 3908 867 3972; x_wconf 83' lang='lat' dir='ltr'><strong>conjunctionem</strong></span> <span class='ocrx_word' id='word_1_211' title='bbox 879 3907 954 3958; x_wconf 87' lang='lat' dir='ltr'><strong>fiunt.</strong></span> <span class='ocrx_word' id='word_1_212' title='bbox 967 3908 995 3958; x_wconf 90' lang='lat' dir='ltr'><strong>Si</strong></span> <span class='ocrx_word' id='word_1_213' title='bbox 1008 3907 1080 3957; x_wconf 89' lang='lat' dir='ltr'><strong>enim</strong></span> <span class='ocrx_word' id='word_1_214' title='bbox 1094 3906 1153 3971; x_wconf 88' lang='lat' dir='ltr'><strong>quis</strong></span> <span class='ocrx_word' id='word_1_215' title='bbox 1167 3913 1305 3972; x_wconf 87' lang='lat' dir='ltr'><strong>componat</strong></span> <span class='ocrx_word' id='word_1_216' title='bbox 1318 3913 1395 3973; x_wconf 84' lang='lat' dir='ltr'><strong>atque</strong></span> 
     </span>
     <span class='ocr_line' id='line_1_28' title="bbox 221 3985 1395 4053; baseline 0 -17"><span class='ocrx_word' id='word_1_217' title='bbox 221 3987 362 4050; x_wconf 74' lang='lat' dir='ltr'><strong>conjungat</strong></span> <span class='ocrx_word' id='word_1_218' title='bbox 374 3985 510 4036; x_wconf 85' lang='lat' dir='ltr'><strong>intellectu</strong></span> <span class='ocrx_word' id='word_1_219' title='bbox 522 3986 549 4036; x_wconf 91' lang='lat' dir='ltr'><strong>id</strong></span> <span class='ocrx_word' id='word_1_220' title='bbox 561 3989 629 4050; x_wconf 93' lang='lat' dir='ltr'><strong>quod</strong></span> <span class='ocrx_word' id='word_1_221' title='bbox 643 3993 735 4039; x_wconf 85' lang='lat' dir='ltr'><strong>natura</strong></span> <span class='ocrx_word' id='word_1_222' title='bbox 743 3989 820 4053; x_wconf 80' lang='lat' dir='ltr'><strong>jungi</strong></span> <span class='ocrx_word' id='word_1_223' title='bbox 832 4003 885 4037; x_wconf 94' lang='lat' dir='ltr'><strong>non</strong></span> <span class='ocrx_word' id='word_1_224' title='bbox 899 3988 1021 4052; x_wconf 87' lang='lat' dir='ltr'><strong>patiatur,</strong></span> <span class='ocrx_word' id='word_1_225' title='bbox 1042 3985 1107 4035; x_wconf 91' lang='lat' dir='ltr'><strong>illud</strong></span> <span class='ocrx_word' id='word_1_226' title='bbox 1123 3985 1218 4036; x_wconf 82' lang='lat' dir='ltr'><strong>falsum</strong></span> <span class='ocrx_word' id='word_1_227' title='bbox 1234 4000 1292 4036; x_wconf 84' lang='lat' dir='ltr'><strong>esse</strong></span> <span class='ocrx_word' id='word_1_228' title='bbox 1308 3987 1395 4037; x_wconf 90' lang='lat' dir='ltr'><strong>nullus</strong></span> 
     </span>
     <span class='ocr_line' id='line_1_29' title="bbox 169 4068 1393 4134; baseline 0.002 -18"><span class='ocrx_word' id='word_1_229' title='bbox 169 4076 171 4081; x_wconf 86' lang='grc'><strong>’</strong></span> <span class='ocrx_word' id='word_1_230' title='bbox 221 4069 349 4132; x_wconf 78' lang='lat' dir='ltr'><strong>ignorat...</strong></span> <span class='ocrx_word' id='word_1_231' title='bbox 374 4074 419 4119; x_wconf 85' lang='lat' dir='ltr'><strong>aut</strong></span> <span class='ocrx_word' id='word_1_232' title='bbox 440 4069 461 4119; x_wconf 92' lang='lat' dir='ltr'><strong>si</strong></span> <span class='ocrx_word' id='word_1_233' title='bbox 483 4074 600 4132; x_wconf 83' lang='lat' dir='ltr'><strong>separata</strong></span> <span class='ocrx_word' id='word_1_234' title='bbox 620 4070 717 4120; x_wconf 83' lang='lat' dir='ltr'><strong>fuerint</strong></span> <span class='ocrx_word' id='word_1_235' title='bbox 741 4086 798 4134; x_wconf 90' lang='lat' dir='ltr'><strong>quae</strong></span> <span class='ocrx_word' id='word_1_236' title='bbox 820 4071 926 4120; x_wconf 91' lang='lat' dir='ltr'><strong>omnino</strong></span> <span class='ocrx_word' id='word_1_237' title='bbox 949 4068 1065 4134; x_wconf 84' lang='lat' dir='ltr'><strong>separari</strong></span> <span class='ocrx_word' id='word_1_238' title='bbox 1084 4081 1137 4116; x_wconf 93' lang='lat' dir='ltr'><strong>non</strong></span> <span class='ocrx_word' id='word_1_239' title='bbox 1157 4073 1265 4130; x_wconf 87' lang='lat' dir='ltr'><strong>possunt</strong></span> <span class='ocrx_word' id='word_1_240' title='bbox 1290 4069 1393 4134; x_wconf 73' lang='lat' dir='ltr'><strong>(bligne,</strong></span> 
     </span>
     <span class='ocr_line' id='line_1_30' title="bbox 220 4148 465 4211; baseline 0 -15"><span class='ocrx_word' id='word_1_241' title='bbox 220 4154 239 4196; x_wconf 89' lang='lat' dir='ltr'><strong>t.</strong></span> <span class='ocrx_word' id='word_1_242' title='bbox 253 4148 338 4209; x_wconf 83' lang='lat' dir='ltr'><strong>LXIV,</strong></span> <span class='ocrx_word' id='word_1_243' title='bbox 353 4149 401 4197; x_wconf 89' lang='lat' dir='ltr'><strong>col.</strong></span> <span class='ocrx_word' id='word_1_244' title='bbox 416 4148 465 4211; x_wconf 75' lang='lat' dir='ltr'><strong>et).</strong></span> 
     </span>
     <span class='ocr_line' id='line_1_31' title="bbox 255 4228 1394 4295; baseline 0.002 -17"><span class='ocrx_word' id='word_1_245' title='bbox 255 4230 267 4263; x_wconf 72' lang='lat'><strong>⁸</strong></span> <span class='ocrx_word' id='word_1_246' title='bbox 287 4228 354 4278; x_wconf 87' lang='lat' dir='ltr'><strong>Sunt</strong></span> <span class='ocrx_word' id='word_1_247' title='bbox 367 4228 446 4292; x_wconf 84' lang='lat' dir='ltr'><strong>igitur</strong></span> <span class='ocrx_word' id='word_1_248' title='bbox 460 4228 610 4291; x_wconf 88' lang='lat' dir='ltr'><strong>hujusmodi</strong></span> <span class='ocrx_word' id='word_1_249' title='bbox 623 4244 666 4280; x_wconf 90' lang='lat' dir='ltr'><strong>res</strong></span> <span class='ocrx_word' id='word_1_250' title='bbox 678 4231 706 4279; x_wconf 93' lang='lat' dir='ltr'><strong>in</strong></span> <span class='ocrx_word' id='word_1_251' title='bbox 718 4232 894 4295; x_wconf 87' lang='lat' dir='ltr'><strong>corporalibus</strong></span> <span class='ocrx_word' id='word_1_252' title='bbox 903 4237 981 4294; x_wconf 82' lang='lat' dir='ltr'><strong>atque</strong></span> <span class='ocrx_word' id='word_1_253' title='bbox 994 4231 1021 4279; x_wconf 92' lang='lat' dir='ltr'><strong>in</strong></span> <span class='ocrx_word' id='word_1_254' title='bbox 1032 4228 1198 4279; x_wconf 88' lang='lat' dir='ltr'><strong>sensibilibus</strong></span> <span class='ocrx_word' id='word_1_255' title='bbox 1209 4228 1303 4292; x_wconf 74' lang='lat' dir='ltr'><strong>rebus,</strong></span> <span class='ocrx_word' id='word_1_256' title='bbox 1316 4230 1394 4280; x_wconf 88' lang='lat' dir='ltr'><strong>intel·</strong></span> 
     </span>
     <span class='ocr_line' id='line_1_32' title="bbox 206 4306 1394 4372; baseline 0.004 -18"><span class='ocrx_word' id='word_1_257' title='bbox 206 4306 336 4370; x_wconf 76' lang='lat' dir='ltr'><strong>-liguntnr</strong></span> <span class='ocrx_word' id='word_1_258' title='bbox 357 4310 445 4356; x_wconf 87' lang='lat' dir='ltr'><strong>autern</strong></span> <span class='ocrx_word' id='word_1_259' title='bbox 463 4311 557 4368; x_wconf 86' lang='lat' dir='ltr'><strong>praeter</strong></span> <span class='ocrx_word' id='word_1_260' title='bbox 576 4309 707 4358; x_wconf 87' lang='lat' dir='ltr'><strong>sensibilia</strong></span> <span class='ocrx_word' id='word_1_261' title='bbox 724 4314 752 4359; x_wconf 89' lang='lat' dir='ltr'><strong>ut</strong></span> <span class='ocrx_word' id='word_1_262' title='bbox 768 4323 858 4360; x_wconf 88' lang='lat' dir='ltr'><strong>eorum</strong></span> <span class='ocrx_word' id='word_1_263' title='bbox 870 4313 963 4358; x_wconf 85' lang='lat' dir='ltr'><strong>natura</strong></span> <span class='ocrx_word' id='word_1_264' title='bbox 979 4308 1099 4372; x_wconf 86' lang='lat' dir='ltr'><strong>perspici,</strong></span> <span class='ocrx_word' id='word_1_265' title='bbox 1114 4313 1140 4358; x_wconf 84' lang='lat' dir='ltr'><strong>et</strong></span> <span class='ocrx_word' id='word_1_266' title='bbox 1155 4307 1298 4371; x_wconf 83' lang='lat' dir='ltr'><strong>proprietas</strong></span> <span class='ocrx_word' id='word_1_267' title='bbox 1309 4310 1394 4359; x_wconf 84' lang='lat' dir='ltr'><strong>valeat</strong></span> 
     </span>
     <span class='ocr_line' id='line_1_33' title="bbox 213 4387 1393 4455; baseline 0.005 -20"><span class='ocrx_word' id='word_1_268' title='bbox 213 4388 415 4455; x_wconf 82' lang='lat' dir='ltr'><strong>comprehendi.</strong></span> <span class='ocrx_word' id='word_1_269' title='bbox 434 4387 560 4446; x_wconf 85' lang='lat' dir='ltr'><strong>Quocirca</strong></span> <span class='ocrx_word' id='word_1_270' title='bbox 572 4403 631 4438; x_wconf 89' lang='lat' dir='ltr'><strong>cum</strong></span> <span class='ocrx_word' id='word_1_271' title='bbox 645 4394 672 4438; x_wconf 89' lang='lat' dir='ltr'><strong>et</strong></span> <span class='ocrx_word' id='word_1_272' title='bbox 683 4404 780 4454; x_wconf 81' lang='lat' dir='ltr'><strong>genera</strong></span> <span class='ocrx_word' id='word_1_273' title='bbox 791 4395 818 4439; x_wconf 91' lang='lat' dir='ltr'><strong>et</strong></span> <span class='ocrx_word' id='word_1_274' title='bbox 828 4390 929 4453; x_wconf 88' lang='lat' dir='ltr'><strong>species</strong></span> <span class='ocrx_word' id='word_1_275' title='bbox 941 4390 1095 4455; x_wconf 81' lang='lat' dir='ltr'><strong>cogitantur,</strong></span> <span class='ocrx_word' id='word_1_276' title='bbox 1111 4393 1174 4439; x_wconf 89' lang='lat' dir='ltr'><strong>tunc</strong></span> <span class='ocrx_word' id='word_1_277' title='bbox 1189 4402 1220 4438; x_wconf 84' lang='lat' dir='ltr'><strong>ex</strong></span> <span class='ocrx_word' id='word_1_278' title='bbox 1233 4388 1351 4454; x_wconf 80' lang='lat' dir='ltr'><strong>singulis,</strong></span> <span class='ocrx_word' id='word_1_279' title='bbox 1365 4391 1393 4441; x_wconf 93' lang='lat' dir='ltr'><strong>in</strong></span> 
     </span>
     <span class='ocr_line' id='line_1_34' title="bbox 220 4468 1392 4535; baseline 0.002 -17"><span class='ocrx_word' id='word_1_280' title='bbox 220 4468 314 4531; x_wconf 82' lang='lat' dir='ltr'><strong>quibus</strong></span> <span class='ocrx_word' id='word_1_281' title='bbox 326 4475 396 4528; x_wconf 83' lang='lat' dir='ltr'><strong>sunt,</strong></span> <span class='ocrx_word' id='word_1_282' title='bbox 409 4483 500 4519; x_wconf 91' lang='lat' dir='ltr'><strong>eorum</strong></span> <span class='ocrx_word' id='word_1_283' title='bbox 513 4469 656 4520; x_wconf 90' lang='lat' dir='ltr'><strong>similitudo</strong></span> <span class='ocrx_word' id='word_1_284' title='bbox 668 4470 807 4535; x_wconf 79' lang='lat' dir='ltr'><strong>colligitur,</strong></span> <span class='ocrx_word' id='word_1_285' title='bbox 819 4475 848 4519; x_wconf 91' lang='lat' dir='ltr'><strong>ut</strong></span> <span class='ocrx_word' id='word_1_286' title='bbox 859 4483 891 4518; x_wconf 85' lang='lat' dir='ltr'><strong>ex</strong></span> <span class='ocrx_word' id='word_1_287' title='bbox 902 4469 1011 4533; x_wconf 81' lang='lat' dir='ltr'><strong>singulis</strong></span> <span class='ocrx_word' id='word_1_288' title='bbox 1022 4469 1179 4530; x_wconf 86' lang='lat' dir='ltr'><strong>bominibus,</strong></span> <span class='ocrx_word' id='word_1_289' title='bbox 1193 4469 1261 4519; x_wconf 89' lang='lat' dir='ltr'><strong>inter</strong></span> <span class='ocrx_word' id='word_1_290' title='bbox 1272 4483 1301 4520; x_wconf 84' lang='lat' dir='ltr'><strong>se</strong></span> <span class='ocrx_word' id='word_1_291' title='bbox 1313 4469 1392 4522; x_wconf 88' lang='lat' dir='ltr'><strong>dissi·</strong></span> 
     </span>
     <span class='ocr_line' id='line_1_35' title="bbox 221 4548 1393 4619; baseline 0.004 -21"><span class='ocrx_word' id='word_1_292' title='bbox 221 4549 334 4613; x_wconf 86' lang='lat' dir='ltr'><strong>milibus,</strong></span> <span class='ocrx_word' id='word_1_293' title='bbox 358 4549 527 4599; x_wconf 85' lang='lat' dir='ltr'><strong>humanitatis</strong></span> <span class='ocrx_word' id='word_1_294' title='bbox 547 4549 707 4615; x_wconf 88' lang='lat' dir='ltr'><strong>similitud0;</strong></span> <span class='ocrx_word' id='word_1_295' title='bbox 730 4564 787 4613; x_wconf 79' lang='lat' dir='ltr'><strong>qum</strong></span> <span class='ocrx_word' id='word_1_296' title='bbox 808 4549 950 4600; x_wconf 88' lang='lat' dir='ltr'><strong>similitudo</strong></span> <span class='ocrx_word' id='word_1_297' title='bbox 973 4548 1085 4614; x_wconf 81' lang='lat' dir='ltr'><strong>cogitata</strong></span> <span class='ocrx_word' id='word_1_298' title='bbox 1105 4549 1193 4599; x_wconf 85' lang='lat' dir='ltr'><strong>animo</strong></span> <span class='ocrx_word' id='word_1_299' title='bbox 1215 4551 1393 4619; x_wconf 77' lang='lat' dir='ltr'><strong>veraciterque</strong></span> 
     </span>
    </p>
   </div>
   <div class='ocr_carea' id='block_1_4' title="bbox 0 0 1624 5468">
    <p class='ocr_par' dir='ltr' id='par_1_4' title="bbox 0 0 1624 5468">
     <span class='ocr_line' id='line_1_36' title="bbox 0 0 1624 5468; baseline 0 0"><span class='ocrx_word' id='word_1_300' title='bbox 0 0 1624 5468; x_wconf 95' lang='lat' dir='ltr'><strong> </strong></span> 
     </span>
    </p>
   </div>
  </div>
 </body>
</html>
