3240 5468
676 439 853 507 ...61-

182 625 287 729 ficii¹,
316 627 412 730 quod
437 629 573 705 crimen
596 628 743 728 quidem
767 628 814 706 ad
833 627 1041 728 religionem
1061 627 1271 728 pertinebat,
1289 631 1351 705 sed

183 760 445 863 quinquevirali
456 760 603 861 judicio,
622 769 660 837 ut
675 762 841 862 vidimus,
855 760 985 861 inquiri
1002 785 1044 837 ac
1063 761 1182 861 puniri
1202 769 1351 861 poterat.

183 896 256 971 Hoc
276 894 429 971 alterum
454 894 602 991 crimen,
627 894 738 995 priori
763 918 836 971 non
856 902 911 969 sat
930 893 1127 993 rationibus
1142 892 1352 970 confirmato

184 1030 375 1104 admiratura
397 1027 476 1128 fuit,
501 1037 540 1104 ut
559 1028 608 1105 ait
626 1028 781 1106 Boetius.
800 1030 928 1108 Contra
949 1027 1149 1106 delatorum
1167 1027 1352 1105 mendacia

185 1171 219 1240 et
234 1162 432 1240 calumnias
447 1163 688 1241 innocentiam
700 1189 817 1258 suam,
833 1172 872 1241 ut
884 1162 999 1241 virum
1010 1162 1164 1263 probum
1177 1171 1212 1240 et
1227 1164 1353 1239 hunes-

185 1316 262 1373 tum
275 1297 387 1391 decet,
398 1283 591 1373 affirmavit
605 1296 760 1374 Boetius.
777 1325 795 1362 t<
807 1299 861 1372 ln
876 1305 1029 1398 optasse,
1044 1296 1103 1395 ait,
1113 1296 1208 1372 illius
1219 1295 1352 1372 ordinis

186 1430 361 1528 (senatus)
379 1429 531 1506 salutem
542 1428 642 1506 nolas
656 1431 818 1507 vocabo?
837 1458 852 1493 r
872 1430 958 1515 Quae
976 1429 1082 1508 verba
1098 1427 1259 1507 conferre
1274 1451 1354 1504 con·

184 1563 282 1644 venit
298 1587 380 1640 cum
399 1563 496 1640 istis:
519 1597 534 1631 a
555 1563 757 1659 Meministi,
775 1588 881 1663 quara
891 1565 1039 1640 Verona
1053 1589 1114 1639 rec
1129 1565 1251 1638 acidas
1264 1587 1354 1638 com-

185 1699 303 1773 munis
335 1699 444 1785 ecltr't',
475 1697 674 1797 majestatis
702 1696 838 1772 crimen
862 1697 898 1770 in
927 1695 1094 1772 Albinum
1117 1695 1286 1798 delatum,
1311 1699 1355 1772 od

188 1845 348 1906 coactum
378 1830 519 1906 renardo
547 1831 703 1905 ordinem
736 1833 927 1930 transferre
958 1829 1162 1916 moliretur,
1198 1831 1356 1905 universi

186 1963 419 2039 innocentiam
443 1963 582 2039 oenotris
605 1972 740 2063 quanta
758 1963 827 2038 mei
847 1962 1037 2039 securitate
1056 1963 1204 2064 periculi
1226 1962 1350 2040 delen-

90 2078 96 2090 ’
186 2096 312 2174 derim.
334 2126 349 2161 υ
368 2095 471 2184 Quod
485 2093 1208 2196 attinetadlitterasdatasetinterceptaS,
1222 2096 1355 2173 latetur

188 2231 333 2332 quidem
358 2230 499 2307 Boetius
525 2256 598 2306 sea
629 2229 823 2330 impedisse
843 2254 888 2306 ne
912 2229 1050 2307 delator
1076 2230 1355 2308 deterreamur·

166 2371 309 2439 menta
338 2362 467 2463 quibus
501 2371 665 2440 senatum
701 2362 897 2462 majestatis
925 2388 1028 2440 reum
1055 2362 1198 2440 laceret.
1232 2363 1357 2440 »Inde

188 2503 306 2573 autem
318 2494 693 2596 nullatenussequitur
704 2497 778 2572 haec
792 2494 1006 2572 documenta
1017 2496 1356 2594 authenticaluissc3

188 2628 276 2729 quin
293 2637 327 2706 et
343 2630 562 2706 contrarium
577 2628 696 2730 potius
712 2629 824 2707 elucet
841 2655 883 2706 en
899 2631 1153 2729 sequentibus:
1175 2663 1189 2697 α
1209 2632 1299 2708 llam
1313 2630 1358 2707 de

192 2801 208 2836 a
239 2753 431 2862 compositis
443 2762 529 2864 folco
546 2763 680 2860 litteris,
697 2763 828 2864 quibus
842 2762 1045 2840 lihertatem
1055 2786 1185 2864 arguor
1195 2787 1358 2866 sperasse

191 2935 209 2970 »
239 2921 427 2974 romanam
447 2896 533 2997 quid
557 2897 679 2973 attinet
699 2897 842 2974 dicere?
856 2941 909 2952 -
930 2897 1090 2984 Quarum
1113 2897 1214 2973 frans
1234 2909 1358 2999 aperta

193 3068 209 3102 a
241 3029 426 3132 patuisset,
442 3031 471 3106 si
487 3029 591 3107 nohis
607 3031 767 3132 ipsorum
790 3029 1015 3108 consessione
1034 3030 1247 3130 delatorum,
1263 3028 1359 3130 quod

190 3192 210 3231 u
240 3163 279 3240 in
302 3164 470 3241 omnibus
497 3164 648 3266 negotiis
674 3164 847 3241 maximas
872 3164 963 3241 vires
984 3165 1099 3260 habet,
1122 3163 1173 3239 uti
1188 3163 1357 3242 licuisset.

195 3333 211 3369 a
242 3297 332 3373 Nam
352 3322 431 3399 quae
455 3297 589 3398 sperari
610 3296 748 3397 reliqua
767 3297 910 3373 libertas
931 3300 1076 3397 potest?
1092 3298 1208 3396 Atque
1224 3297 1359 3374 utinam

196 3469 212 3502 2>
243 3439 364 3531 posset
384 3428 497 3507 ulla³t
522 3466 538 3498 »
561 3430 705 3507 Boetius
721 3455 803 3530 ergo
823 3431 1066 3506 innocentiam
1087 3455 1191 3507 suam
1207 3456 1360 3508 necnon

194 3562 348 3641 universi
363 3563 508 3641 senatus
527 3562 725 3639 rationibus
752 3563 1002 3639 confirmatam
1023 3563 1161 3659 asserit,
1183 3564 1213 3639 si
1236 3563 1363 3640 delen-

194 3697 283 3773 sioni
307 3696 405 3774 locus
425 3721 466 3774 ac
490 3705 647 3799 potestas
670 3696 763 3772 lacta
787 3695 946 3772 fuissent.
968 3699 1018 3773 De
1034 3695 1198 3773 maleficii
1217 3698 1362 3796 querela

192 3830 483 3930 indignabundus
498 3831 546 3908 ita
561 3829 648 3907 dicit
665 3859 673 3904 :
695 3867 709 3900 a
729 3831 782 3906 Ob
798 3830 972 3907 ambitum
987 3831 1167 3931 dignitatis
1180 3830 1363 3931 sacrilegio

206 4229 209 4234 ·
230 4207 239 4242 t
262 4223 272 4252 ι
289 4206 370 4269 Cujus
380 4205 533 4270 dignitatem
545 4210 634 4256 reatus
646 4205 695 4269 ipsi
706 4206 786 4256 etiam
797 4205 842 4269 qui
855 4206 972 4256 detulere
985 4206 1107 4256 viderunt
1120 4221 1199 4270 quam
1208 4207 1246 4257 uti
1255 4207 1365 4269 alicujus

194 4285 301 4335 sceleris
313 4285 471 4335 admixtione
482 4285 622 4347 luscarent,
638 4285 671 4335 ob
684 4286 811 4336 ambitum
826 4286 959 4351 dignitatis
969 4285 1106 4351 sacrilegio
1122 4300 1165 4336 me
1178 4284 1365 4337 conscientiam

195 4366 318 4428 polluisse
330 4365 434 4415 mentiti
447 4370 516 4416 sunt.
531 4381 543 4414 r
560 4364 689 4429 (Consul,
698 4365 742 4415 lib.
757 4365 779 4428 I,
795 4380 834 4430 pr.
848 4367 883 4430 l.)

206 4445 241 4478 >⁸
262 4443 332 4494 Ibid.

230 4525 242 4559 ⁸
262 4523 332 4574 leid.
