3240 5468
722 381 899 452 ..33-

225 569 260 643 S.
287 567 403 644 Mariae
427 568 554 645 Coelius
584 570 795 651 Laurentius
819 570 989 673 antipapa
1013 577 1265 672 opponeretur,
1287 579 1321 661 et
1340 572 1391 650 ita

224 699 379 778 schisma
397 701 435 776 in
453 701 531 802 ipso
550 702 634 778 sinu
657 702 820 780 Ecclesiae
843 703 1009 781 oriretur.
1034 677 1392 782 Laurentiifautores

224 832 371 908 aderant
408 832 501 909 inter
534 836 655 909 Patres
688 833 779 911 bene
807 833 920 934 multi,
949 858 1077 936 nempe
1115 836 1140 910 ii
1169 811 1391 937 omnesqui
1452 828 1456 836 ’

227 998 242 1030 «
263 964 435 1041 libertatis
446 989 605 1042 romanae
623 995 638 1029 »
657 990 834 1044 memores
851 967 1032 1045 Orientem
1045 952 1173 1044 'versus
1188 967 1299 1044 ltaliae
1310 992 1392 1069 spes

225 1096 495 1199 protendebant,
515 1098 606 1175 inter
629 1123 719 1199 quos
743 1101 879 1199 Festus,
907 1101 1145 1201 Symmachus
1164 1076 1392 1201 ipse·,·et,.ut

225 1228 373 1328 videtur,
400 1233 480 1331 ejus
502 1257 611 1332 gener
637 1233 792 1330 Boetius,
818 1223 1006 1329 Probinus,
1028 1232 1185 1310 loannes
1205 1233 1391 1333 diaconus,

223 1363 417 1464 Eugypius,
433 1365 645 1442 Paschasius
661 1367 768 1443 etiam
783 1365 947 1443 Ecclesiae
966 1390 1124 1443 romanae
1139 1365 1326 1464 diaconus,
1339 1364 1393 1443 uir

225 1504 299 1570 tum
315 1495 460 1594 veritate
475 1497 656 1595 doctrinae,
674 1508 749 1574 tum
769 1523 910 1575 morum
929 1498 1117 1576 sanctitate
1140 1477 1393 1600 praestantissi-

126 1712 130 1718 ,
223 1653 314 1727 mus.
331 1629 472 1708 Nullum
492 1639 547 1707 sat
560 1631 708 1708 firmum
723 1630 911 1731 vestigium
927 1631 1103 1732 reperitur
1117 1631 1162 1707 de
1176 1630 1254 1707 loco
1269 1631 1306 1707 in
1321 1654 1393 1739 quo

222 1762 357 1838 steterit
381 1762 539 1860 Boetius,
571 1764 724 1840 durante
745 1762 945 1840 schismate.
970 1763 1033 1838 Vir
1053 1761 1290 1839 dubitandum
1306 1763 1393 1873 quin

224 1895 403 1970 Laurentii
419 1904 538 1996 partes
554 1905 697 1972 secutus
720 1895 765 1970 sit
787 1919 868 1972 cum
889 1895 1109 2005 Symmacho
1129 1918 1253 1973 socero
1280 1919 1393 1995 nsque

223 2027 267 2102 ad
295 2050 431 2103 annum
456 2022 546 2126 503,
571 2052 654 2129 quo,
681 2028 825 2130 Synodo
850 2051 998 2131 romana
1031 2027 1155 2128 quinta
1188 2027 1391 2126 definiente,

223 2184 329 2261 causa
346 2160 473 2237 cecidit
488 2160 713 2258 Laurentius,
729 2185 770 2237 ac
782 2159 915 2238 sehima
935 2161 1147 2237 exstinctum
1161 2160 1239 2237 fuit.
1257 2161 1338 2237 lam
1349 2161 1393 2237 ab

223 2316 317 2368 anno
334 2287 411 2368 502
429 2296 572 2370 stabant
587 2318 651 2395 pro
662 2296 879 2395 Symmacho
894 2293 1068 2370 Pontifice
1078 2293 1249 2370 Italorum
1260 2291 1393 2395 episco-

224 2450 351 2527 porum
367 2427 652 2526 eminentissimi,
671 2438 709 2504 ut
727 2430 940 2525 Laurentius
962 2428 1245 2528 Mediolanensis,
1266 2431 1393 2506 Petrus

224 2560 517 2658 llavennatensis,
533 2560 689 2637 Eulalius
711 2561 971 2663 Syracusanus,
989 2561 1172 2638 Ennodius
1184 2561 1392 2660 Ticinensis,

225 2693 379 2768 Faustus
403 2693 554 2770 hvienus
569 2694 694 2770 consul
711 2702 744 2771 61
759 2696 836 2795 ejus
852 2694 988 2794 collega
1005 2694 1204 2794 Pompeius.
1227 2696 1308 2771 Fuit
1328 2720 1394 2771 au·

225 2832 296 2901 tem
311 2825 464 2901 Faustus
481 2825 633 2902 Avienus
649 2825 785 2927 consul,
801 2849 896 2903 anno
912 2821 1002 2923 501,
1019 2848 1060 2902 ac
1075 2825 1146 2903 dur
1161 2826 1394 2904 defensorum

225 2958 430 3059 Symmachi
446 2982 549 3060 papae
564 2969 687 3037 contra
704 2961 962 3037 laurentianas
977 2969 1107 3062 partes.
1123 2991 1139 3024 «
1156 2960 1259 3037 Solus
1275 2969 1394 3038 autem

225 3092 379 3168 Faustus
404 3093 584 3169 err-consul
605 3117 669 3194 pro
691 3092 846 3171 Ecclesia
866 3092 1060 3194 pugnabat,
1086 3092 1168 3168 »ait
1188 3091 1395 3170 Anastasius

224 3223 527 3303 bibliothecarius.
550 3227 602 3301 ld
626 3226 792 3303 eumdem
820 3233 854 3303 61
869 3225 916 3302 ad
931 3225 1187 3327 Symmachum
1206 3211 1395 3326 patricium

226 3355 367 3458 scripsit
400 3358 589 3460 episcopus
621 3359 830 3436 Viennensis
863 3360 899 3435 S.
929 3357 1050 3435 Avitus
1082 3357 1174 3434 hanc
1208 3357 1397 3459 epistolam

227 3513 335 3590 supra
364 3499 625 3569 memoratam:
651 3524 666 3558 α
693 3490 802 3578 Quasi
822 3491 974 3567 Senator
995 3489 1072 3592 ipse
1093 3512 1273 3587 romanus,
1294 3489 1396 3588 quasi

231 3655 248 3688 ι
280 3621 494 3699 christianus
520 3625 711 3727 episcopus
736 3621 943 3698 obtestor....
960 3621 1051 3696 utin
1071 3628 1398 3720 conspectuvestro

233 3791 248 3822 n
281 3780 352 3832 non
378 3756 423 3832 sit
447 3756 612 3834 Ecclesiae
636 3757 753 3858 minor
771 3767 881 3856 quam
901 3752 1104 3854 reipublicae
1128 3753 1398 3853 status3quod·

232 3921 248 3953 a
281 3911 351 3986 que
381 3890 476 3964 Deus
504 3889 605 3965 vobis
633 3894 739 3989 posse
769 3888 944 3988 praestitit,
975 3887 1088 3987 prosit
1120 3894 1156 3964 et
1183 3887 1297 3983 nohis,
1333 3910 1398 3964 nec

232 4054 249 4087 ι
281 4020 400 4094 minus
424 4019 577 4120 diligatis
602 4021 639 4097 in
660 4020 815 4097 Ecclesia
835 4027 954 4096 vestra
971 4019 1099 4096 Sedem
1114 4018 1219 4115 Petri,
1238 4041 1348 4119 quam
1361 3993 1414 4094 in'

234 4189 249 4220 ιι
282 4153 421 4252 civitate
451 4154 592 4256 apicem
620 4153 824 4232 mundi....¹
859 4193 874 4226 a
911 4153 1045 4229 Eodem
1073 4154 1147 4229 se're
1173 4161 1330 4251 tempore
1353 4151 1399 4226 ad

263 4506 273 4541 ⁴
296 4505 392 4572 trime,
405 4511 425 4559 t.
439 4506 504 4571 ux,
517 4507 566 4562 001.
582 4487 637 4561 ars.
