3240 5468
714 410 891 482 ...10-

215 618 292 715 jnm
309 607 535 709 haereditaria
553 602 713 699 imbutis.
730 602 780 677 Ea
798 601 895 678 enim
913 607 1030 699 aetate,
1048 605 1126 709 jam
1142 600 1389 699 velabantura

218 748 294 850 lage
308 743 402 824 cirili
415 749 451 821 et
468 737 706 818 ecclesiastica
722 758 883 839 paganos
902 734 994 811 inter
1009 742 1045 811 et
1064 731 1276 811 christianos
1296 757 1387 811 con·

218 880 328 977 uubia
341 875 365 957 ¹.
385 876 498 977 Igitur
516 873 662 951 cuilibet
685 870 834 948 dubium
854 869 1023 971 moventi,
1039 892 1085 946 an
1100 868 1154 948 vir
1168 867 1389 946 christianus

218 1013 326 1114 luerit
344 1009 499 1106 Boetius,
520 1007 648 1084 afferre
671 1028 817 1083 necesse
843 1013 898 1082 est
925 1009 1138 1106 argumenta
1161 1027 1203 1082 ac
1217 1002 1390 1104 rationes,

219 1147 350 1255 quibus
364 1149 463 1222 certa
479 1139 764 1240 inconcussaque
777 1137 874 1216 facta
893 1136 1092 1217 convellere
1106 1136 1233 1216 valeat.

233 1266 238 1277 ¹
273 1284 360 1359 Post
377 1299 516 1377 annum
536 1273 651 1352 atatis
673 1273 928 1352 duodecimum
950 1280 1052 1376 patre
1075 1272 1222 1350 orbatus
1244 1271 1392 1353 Boetius

221 1412 483 1519 humanissima
505 1433 602 1508 cura,
622 1408 888 1508 benevolentia,
914 1408 1106 1510 studioque
1133 1406 1289 1487 ducrum
1312 1430 1391 1513 am-

223 1549 471 1655 plissimorum
490 1545 650 1624 virorum
670 1553 859 1647 susceptus
877 1553 950 1650 est·
962 1551 1003 1622 ut
1022 1544 1101 1646 ipsa
1123 1551 1247 1621 narrat
1259 1539 1285 1641 ³,
1302 1544 1394 1621 For·

223 1693 312 1775 tuna
339 1679 448 1760 verba
467 1677 646 1756 faciente:
676 1711 695 1746 c
731 1681 844 1756 Taceo
877 1678 975 1780 quad
998 1677 1199 1757 desolatum
1232 1685 1393 1780 parente,

228 1850 243 1883 ι
275 1837 501 1895 summarum
523 1812 740 1911 terimam
769 1836 856 1891 cura
886 1813 1068 1915 suscepit,
1098 1811 1328 1912 delectusque
1356 1812 1395 1889 in

228 1978 244 2012 ι
275 1949 486 2027 affinitatem
501 1945 705 2049 principum
715 1947 879 2045 civitatis,
890 1947 989 2048 quod
999 1945 1298 2047 pretiosissimum
1312 1969 1395 2046 pro·

229 2116 244 2149 ι·
275 2080 487 2185 pinquitatis
510 2105 622 2180 genus
641 2090 707 2179 est,
727 2082 828 2182 prins
853 2106 960 2159 carus
979 2105 1087 2183 quam
1112 2079 1296 2183 proximus
1315 2103 1395 2157 esse

230 2248 246 2282 ι
276 2215 427 2320 coepisti.
446 2248 464 2283 a
494 2213 557 2291 lsti
584 2214 657 2291 duo
683 2216 798 2294 boetii
825 2223 1010 2297 curatores
1038 2215 1182 2294 luerunt
1204 2215 1331 2296 Festus
1352 2235 1397 2293 ac

226 2351 478 2456 Symmachus,
494 2356 677 2428 senatores
692 2352 811 2432 amba.

280 2467 408 2565 Festus
421 2483 491 2583 ille,
508 2484 562 2562 uir
575 2483 735 2588 illustris,
751 2486 919 2587 princeps
935 2487 1092 2588 senatus,
1104 2485 1252 2564 scicntia
1264 2485 1398 2588 pariter

228 2631 265 2701 et
289 2619 457 2723 aequitate
472 2618 710 2721 conspicuus,
741 2620 881 2701 scholas
904 2622 1027 2699 Romae
1054 2622 1327 2717 instauraverat,
1353 2619 1400 2699 ad

227 2779 320 2857 quas
332 2752 571 2832 Patricicrum
585 2752 650 2830 filii
665 2778 709 2830 er
729 2754 880 2834 <liversis
897 2754 1038 2858 imperii
1055 2755 1217 2857 partibus
1237 2755 1399 2833 conflue-

228 2891 316 2972 bant
329 2887 353 2966 ³.
374 2890 614 2991 Symmachus
627 2914 713 2970 vero
725 2899 781 2970 est
793 2890 851 2970 illc
866 2888 1399 2981 Quintushureliusllcmmius

231 3023 468 3129 Symmachus
498 3049 607 3125 quem
635 3051 762 3106 omnes
790 3025 971 3130 preclaris
1003 3023 1171 3104 laudibus
1202 3031 1399 3124 exornant,

231 3158 367 3260 quique
392 3157 486 3236 inter
507 3168 650 3238 sanctos
665 3160 710 3238 ab
726 3160 884 3238 Ecclesia
903 3159 1076 3238 catholica
1091 3159 1283 3262 deputatus
1303 3166 1358 3236 est
1374 3155 1400 3237 ⁴.

234 3293 271 3373 Si
285 3292 385 3372 testis
404 3292 546 3370 auditru
573 3293 745 3373 Boetius⁵
767 3294 836 3371 luit
855 3296 1094 3396 Symmachus
1117 3327 1135 3360 ι
1160 3294 1216 3373 uir
1240 3302 1335 3370 totus
1358 3318 1402 3370 ex

234 3428 410 3530 sapientia
431 3428 693 3531 virtutibusque
714 3431 832 3509 lactus
857 3459 874 3495 ι
904 3460 921 3494 ι
943 3453 1046 3509 sacar
1066 3429 1175 3509 etiam
1199 3435 1344 3506 sanctus
1367 3441 1404 3506 et

234 3587 335 3666 mque
349 3573 431 3642 actu
445 3563 524 3667 ipsc
537 3566 774 3666 reverendum
798 3600 815 3635 ι
834 3567 865 3643 si
883 3566 1094 3644 Cassiodorc
1112 3565 1221 3642 fidem
1236 3563 1402 3662 facimus,

234 3698 501 3799 magnificentia
516 3723 583 3776 sua
598 3702 837 3801 Symmachus
856 3701 1010 3778 Romam
1030 3698 1180 3801 publicis
1195 3723 1238 3775 ac
1254 3696 1403 3799 privatis

235 3830 397 3909 aediliciis
419 3832 610 3910 decoravit.
642 3834 850 3936 llultiplices
874 3842 909 3912 et
936 3832 1227 3934 preclarissimus
1250 3830 1405 3907 fabricas

236 3964 274 4040 in
288 3966 384 4042 Urbc
397 3990 440 4042 ac
457 3965 674 4044 suburbanis
689 3968 958 4047 constituendas
973 3967 1120 4067 curarit,
1131 3967 1220 4066 quin
1235 3975 1270 4042 et
1283 3965 1406 4064 ipsum

274 4254 283 4287 ¹
306 4252 394 4306 6011ae
406 4253 546 4317 Theodec,
560 4255 606 4306 lib.
620 4256 667 4318 111,
680 4256 721 4307 tia
733 4269 777 4317 1v;
791 4256 892 4309 cauit
907 4256 1048 4318 chalced„
1060 4261 1112 4306 act.
1125 4255 1179 4315 XV,
1191 4269 1250 4304 can.
1264 4266 1320 4304 m.

272 4335 284 4367 ¹
307 4331 650 4398 eonwt.‚bb.11,pr0sa2.

274 4414 287 4448 ⁸
307 4413 433 4472 Cassian,
447 4413 523 4476 Van,
535 4414 581 4465 lib.
593 4414 615 4475 l,
628 4415 704 4479 epist.
716 4415 760 4467 XV
771 4421 799 4465 et
811 4416 923 4466 XXXIX.

274 4499 288 4532 ⁴
308 4497 378 4544 Acta
387 4493 524 4557 Sanctam,
535 4502 557 4546 t.
568 4496 636 4557 XIX,
649 4497 692 4547 die
703 4497 745 4547 23²
758 4497 851 4548 Octob.

276 4576 289 4609 ⁸
309 4573 423 4636 Consul,
435 4573 481 4624 lib.
493 4574 526 4634 ll,
538 4575 699 4639 putiau,
710 4577 774 4641 μὲ.
902 4623 905 4628 .
