3240 5468
710 418 909 490 -133-

205 637 207 640 ‘
223 617 396 717 adjuvant
412 613 631 708 servitutem,
644 618 679 689 et
691 621 773 687 sunt
784 610 940 708 quodam
954 611 1060 686 modo
1076 613 1221 713 propria
1232 612 1396 691 libertate

223 748 449 851 captivam.»

275 881 362 967 Quae
379 879 486 954 verba
502 885 625 953 contra
640 877 803 954 Boetium
818 901 860 952 ex
876 877 1008 976 duplici
1023 878 1138 979 capite
1157 882 1393 980 inducuntnr3

223 1011 260 1087 1·
276 1010 377 1110 quasi
392 1009 597 1111 opinionem
613 1010 657 1084 de
672 1008 875 1084 animarum
893 1010 1150 1107 praeexistentia
1166 1013 1392 1109 contineant3

219 1142 258 1220 Ψ
273 1146 376 1247 quasi
385 1146 430 1221 de
438 1168 586 1244 corpore
601 1145 766 1237 aethereo,
779 1146 880 1243 juxta
893 1144 1068 1241 Proetum,
1078 1153 1119 1217 ut
1134 1144 1183 1218 ait
1193 1144 1392 1220 Nitzschius

220 1282 269 1377 (p.
293 1273 369 1375 74),
397 1277 596 1354 doctrinam
614 1276 770 1359 tradant.
796 1276 875 1352 tam
900 1299 983 1353 vero
1007 1273 1192 1350 fatendum
1217 1282 1270 1349 est
1294 1276 1391 1350 hunc

218 1411 336 1487 locum
353 1409 464 1487 Boetii
480 1408 720 1485 obscuriorem
745 1432 822 1484 esse
838 1430 947 1504 quam
962 1416 1001 1482 ut
1021 1406 1152 1505 aliquid
1165 1407 1249 1482 certi
1266 1416 1390 1485 contra

218 1540 450 1616 christianam
474 1539 627 1615 auctoris
648 1539 905 1637 professionem
931 1538 1015 1614 inde
1034 1546 1190 1614 eruatur.
1207 1537 1389 1637 Quidquid

218 1675 464 1752 reclamaverit
482 1672 696 1760 Nitzsehius,
720 1680 857 1747 certum
876 1681 930 1747 est
945 1670 1148 1771 opinionem
1165 1670 1209 1745 de
1228 1672 1391 1771 praeexis-

218 1808 327 1884 tentia
360 1806 562 1883 animarum
599 1813 756 1904 tempore
784 1803 896 1878 Boetii
927 1803 1022 1878 inter
1049 1800 1179 1878 liberas
1198 1802 1388 1902 opiniones

217 1949 444 2017 numeratam
467 1939 588 2033 fuisse,
608 1948 647 2011 ut
666 1937 757 2011 infra
772 1935 918 2036 patebit.
935 1936 1050 2012 Variae
1068 1945 1186 2013 autem
1203 1960 1224 2012 a
1239 1937 1388 2029 diversis

216 2072 422 2148 auctoribus
457 2070 652 2171 supradicti
695 2067 762 2146 loci
794 2067 1034 2168 expositiones
1067 2069 1160 2145 datae
1203 2080 1313 2165 sunt,
1348 2078 1389 2146 ut

215 2205 336 2280 videre
365 2210 419 2280 est
450 2204 547 2303 apud
581 2203 705 2303 iligna,
736 2201 864 2300 quibus
893 2208 1055 2278 nostram
1088 2201 1388 2303 qualemcumque

215 2337 425 2436 adjunctam
450 2336 627 2413 volumus.
655 2337 817 2422 Quatuor
827 2337 929 2436 juxta
945 2334 1109 2412 Boetium
1125 2334 1257 2410 dautur
1276 2334 1388 2410 liber-

213 2467 297 2544 tatis
319 2467 486 2544 humanae
515 2469 667 2568 gradus3
697 2494 851 2570 quorum
869 2471 1008 2570 primus
1028 2478 1082 2546 est
1101 2469 1232 2568 gradus
1248 2468 1389 2545 anima·

214 2626 294 2677 rum
314 2601 530 2701 sapientum,
551 2626 629 2701 quae
649 2601 784 2703 seipsas
803 2604 840 2679 in
860 2604 1062 2680 divinarum
1082 2626 1205 2678 rerum
1229 2601 1388 2702 specuta-

214 2734 309 2812 tiona
328 2760 390 2811 seu
416 2735 645 2811 meditatione
667 2745 890 2832 conservant,
913 2743 947 2812 et
967 2760 1077 2835 quam
1096 2733 1251 2810 maxime
1267 2759 1388 2834 super·

213 2867 519 2966 nasjdivinasquo
546 2868 763 2944 substantias
796 2867 992 2943 imitantur.
1028 2864 1080 2941 td
1110 2863 1208 2940 hunc
1237 2864 1386 2962 gradum

213 2997 417 3074 referuntur
432 3000 507 3076 haec
522 2999 633 3075 Boetii
650 3001 754 3074 verba
773 3028 780 3072 :
802 3033 816 3065 «
842 3000 950 3098 Cujus
966 2996 1060 3094 (Dei)
1077 2995 1134 3095 agi
1153 2993 1262 3071 frenis
1279 3004 1385 3097 atque

212 3131 457 3233 obtemperare
464 3133 610 3232 justitiae
623 3157 762 3210 summa
776 3133 923 3209 libertas
939 3129 1055 3210 esti»
1075 3133 1126 3209 th
1141 3134 1208 3208 hac
1222 3132 1385 3209 libertate

211 3263 416 3362 longissime
439 3267 549 3342 distat
575 3274 688 3342 status
714 3268 843 3343 animae
867 3267 962 3342 vitiis
986 3265 1131 3359 dedite,
1157 3289 1199 3341 ac
1227 3265 1384 3363 quodam

210 3397 318 3472 modo
350 3399 495 3498 propria
525 3399 685 3475 libertate
715 3400 875 3498 saptiam,
896 3399 941 3475 de
969 3423 1040 3496 quo
1077 3397 1164 3473 illud
1193 3397 1319 3497 legitur
1346 3398 1383 3472 iu

209 3530 320 3606 sacris
349 3530 625 3606 christianorum
655 3531 841 3630 scripturis
871 3559 879 3604 ε
914 3563 930 3597 «
969 3530 1036 3618 Qui
1065 3529 1150 3606 facit
1182 3539 1380 3631 peccatum,

208 3683 333 3738 servus
348 3669 401 3738 est
416 3662 551 3761 peceati
562 3658 584 3736 ³.
605 3664 800 3738 Remanent
817 3663 890 3738 duo
910 3663 1041 3761 gradus
1056 3661 1258 3738 intermedii
1278 3662 1383 3738 liber·

211 3791 304 3887 tatis,
329 3814 458 3892 nempe
482 3816 609 3869 eorum
632 3793 695 3892 qui
719 3823 733 3856 α
763 3793 807 3869 ad
826 3817 976 3894 corpora
995 3793 1202 3868 ditabuntur
1222 3827 1238 3859 »
1257 3793 1294 3869 id
1313 3802 1378 3888 est,

208 3947 230 3999 a
249 3924 452 4001 divinarum
473 3948 592 4001 rernm
611 3926 857 4026 speculatione
876 3926 1047 4023 distracti,
1068 3926 1248 4002 adrerum
1265 3926 1379 4002 sensi-

206 4054 333 4130 bilium
358 4056 595 4156 cognitionem
620 4057 842 4133 descendunt
864 4070 898 4134 et
933 4057 971 4133 in
993 4081 1034 4134 ea
1055 4058 1269 4134 detinentur.
1292 4060 1379 4132 Nam

240 4360 250 4396 ¹
274 4359 388 4424 Consul„
403 4364 432 4424 V,
445 4378 471 4426 p.
483 4364 507 4415 2.

238 4441 251 4475 ¹
273 4439 360 4504 Gom„
372 4443 393 4506 1,
406 4458 445 4508 pr.
459 4443 483 4494 2.

239 4523 252 4558 ⁸
271 4521 429 4586 Joun.‚v111‚
444 4524 483 4576 3t.
