3240 5468
711 373 816 443 -et
845 411 885 424 -

204 599 234 657 ιυ
268 561 467 661 quiretur...
496 564 547 636 En
562 561 661 660 quod
680 561 851 638 saeculum
870 563 1020 638 miretur
1043 570 1078 638 ‘et
1098 560 1246 640 credet:
1270 561 1383 660 pepu-

221 729 236 793 ρ
267 694 318 789 tit
337 693 500 777 davidico
523 693 600 794 lyra
625 692 807 776 diabolum
820 725 833 790 ς,
849 717 960 771 sonus
979 694 1163 793 spiritibus
1183 693 1382 794 imperavit,
1456 681 1459 684 ’

222 863 238 896 .
271 838 305 924 et
330 837 477 922 canente
504 827 640 905 cithero
657 836 710 904 ter
730 852 787 904 rer
808 827 846 904 in
861 828 1059 905 libertatem
1080 827 1184 905 rediit
1203 832 1312 928 quom
1333 828 1385 904 in·

222 997 239 1031 »
272 971 394 1038 ternus
413 961 578 1040 inimicus
597 961 748 1064 turpiter
769 962 1011 1063 possidebat...
1035 962 1164 1038 dicunt
1190 962 1385 1063 (sapientes

223 1131 239 1164 ι,
272 1095 419 1193 ethnici)
443 1095 573 1172 debere
594 1096 699 1172 credi
721 1103 758 1172 ut
781 1095 966 1173 beatitudo
989 1095 1142 1172 coelestis
1166 1095 1261 1172 illius
1292 1095 1386 1192 (hcr-

225 1265 240 1295 ·
273 1229 403 1305 monice
426 1229 521 1326 coeti)
544 1229 841 1307 oblectationibus
865 1228 1084 1332 perfruatur,
1110 1253 1189 1330 quoe
1220 1253 1285 1311 neo
1313 1229 1387 1306 fine

225 1398 240 1431 ι
273 1363 403 1460 deficit,
438 1387 503 1452 nec
536 1363 655 1462 otique
695 1364 962 1443 intermissione
995 1364 1193 1441 marcescit.
1231 1364 1273 1439 tu
1309 1364 1389 1464 ipso

224 1531 241 1566 »
271 1497 404 1598 quippe
432 1483 796 1575 intellectuhcbitore
821 1498 979 1575 referunt
1000 1521 1167 1600 superno,
1193 1497 1280 1598 ipsis
1305 1496 1389 1575 deti-

224 1630 337 1719 »ciis
357 1631 514 1718 coelestia
534 1629 670 1732 pertrui
685 1629 869 1708 ettelibus
897 1631 1257 1734 contemplationibus
1282 1630 1391 1709 inhue

226 1801 241 1834 ι
275 1763 401 1860 rentiu,
436 1763 549 1874 trectis
579 1763 716 1866 jugiter
744 1762 1040 1843 delectationibus
1072 1765 1257 1844 contineri.
1292 1766 1391 1855 Bene

89 1943 93 1950 ·
227 1934 243 1967 ι
275 1897 418 1998 quidem
434 1897 606 1998 arbitrati,
624 1897 652 1974 si
674 1921 823 1978 causam
837 1897 992 2002 coelestis
1009 1897 1239 1977 beatitudinis
1262 1899 1391 1975 nonin

228 2065 245 2099 ι
277 2030 386 2128 sonis,
403 2029 466 2108 sed
481 2028 519 2108 in
533 2031 698 2118 Creatore
715 2031 932 2134 posuissent,
947 2030 1203 2133 ubinerociter
1223 2029 1301 2108 sine
1319 2030 1392 2136 fine

229 2191 245 2233 r.
273 2146 451 2268 ¹goudium
464 2171 534 2266 est,¹
547 2163 623 2277 sine
639 2165 760 2268 aliquo
775 2164 880 2244 toedio
895 2188 1046 2243 manens
1059 2189 1201 2268 semper
1214 2142 1394 2252 oeternitus

230 2333 244 2366 ι
276 2281 312 2376 et
330 2297 502 2400 inspectio
518 2299 600 2376 'solu
626 2298 823 2377 divinitatis
846 2297 957 2378 efficit
984 2306 1024 2377 ut
1040 2297 1182 2382 beotius
1206 2297 1297 2376 nihil
1316 2291 1395 2376 esse

230 2458 247 2531 s
280 2432 428 2534 possit...
446 2431 516 2509 Sed
535 2408 708 2532 quoniam
729 2431 832 2511 nobis
850 2432 943 2510 fecte
965 2439 1019 2510 est
1032 2431 1248 2536 voluptuosa
1264 2423 1395 2535 digres-

216 2550 259 2664 ’,ᾗ
279 2565 331 2643 sio
356 2566 455 2669 (quia
477 2589 620 2669 semper
644 2574 784 2668 gratum
810 2574 864 2644 est
881 2565 926 2644 de
944 2566 1106 2645 doctrino
1132 2565 1285 2668 colloqui
1314 2590 1397 2656 cum

232 2736 247 2766 ·
281 2699 418 2802 peritis)
443 2699 679 2779 citharoedum
694 2723 801 2803 quem
817 2725 838 2779 a
857 2701 959 2780 nobis
988 2701 1149 2779 diximus.
1164 2688 1396 2805 postulatum,

225 2818 258 2928 4»Α
280 2834 454 2935 supientia
478 2842 597 2915 nestro
619 2833 725 2937 eligat
747 2834 915 2937 presenti
942 2842 1102 2937 tempore
1117 2835 1302 2914 meliorem
1322 2831 1345 2913 ¹.
1374 2823 1393 2905 ἠ

228 2967 307 3045 tum
323 2991 408 3046 vero
427 2967 676 3053 firmissimum
694 2993 736 3047 ex
755 2968 814 3046 his
833 2967 951 3046 verbis
971 2976 1095 3060 contra
1117 2968 1230 3060 Boetii
1255 2953 1399 3071 pogoni-

222 3083 352 3201 vtutem,
369 3125 410 3179 ec
425 3127 491 3206 pro
504 3103 581 3205 ejus
597 3100 791 3182 christiano
804 3101 876 3180 fide
891 3102 1032 3181 eruitur
1046 3078 1308 3205 argumentum.

283 3239 410 3312 Annon
425 3235 563 3314 insulsa
582 3259 728 3338 prorsus
752 3243 859 3335 atque
875 3235 1018 3339 ethnico
1035 3234 1110 3314 viro
1133 3260 1197 3338 per
1214 3221 1401 3320 contume-

230 3370 318 3445 lium
328 3369 423 3445 dicto
438 3370 555 3447 forent
571 3369 638 3445 isto
655 3368 863 3446 theodorici
877 3369 985 3446 verbo
999 3370 1040 3444 dc
1055 3369 1132 3470 ipro
1143 3351 1402 3470 natantemque

231 3503 361 3604 pepulit
377 3503 566 3590 diabolum,
579 3503 623 3578 de
639 3524 728 3578 sono
741 3502 801 3600 qui
811 3502 989 3602 spiritibus
1001 3503 1198 3601 imperavit,
1211 3503 1252 3577 dc
1263 3483 1403 3578 inimico

232 3639 386 3730 »interum
410 3637 472 3736 qui
498 3635 613 3711 Saulis
642 3635 800 3712 animum
823 3637 973 3736 turpiter
992 3636 1221 3734 possidebat?
1249 3638 1340 3714 Tum
1359 3636 1404 3716 de

233 3770 363 3847 coelesti
379 3768 599 3846 beatitudine
615 3768 793 3844 disserens
810 3768 884 3845 Rex
896 3769 1043 3870 opponit
1058 3770 1139 3869 ejus
1150 3769 1344 3846 essentiam
1359 3769 1405 3845 ub

233 3902 383 3978 ethnicis
399 3900 622 4002 philosophis
637 3901 852 3978 celebratum
875 3901 958 3978 huic
973 3924 1084 4002 quom
1101 3903 1294 3980 christiano
1315 3904 1406 3981 fides

234 4033 415 4128 decernit,
452 4032 585 4111 scilicet
610 4032 786 4111 Creatoris
819 4033 1176 4134 contemplationem,
1213 4059 1294 4135 quoe
1331 4016 1406 4111 solu

226 4144 317 4256 ‘nero
332 4176 387 4244 est
400 4167 596 4244 beatitudo.
614 4168 765 4245 Domum
784 4167 912 4244 asserit
931 4167 997 4243 sibi
1027 4167 1278 4268 voluptuosum
1297 4148 1407 4245 fnisse

272 4521 281 4556 ¹
304 4518 429 4583 cassiod..
443 4515 519 4580 Ver„
532 4517 578 4574 tib.
589 4518 622 4582 11,
634 4531 677 4585 ep.
686 4517 740 4571 XL.
870 4555 873 4563 .
