3278 5474
790 427 987 499 -lld—

302 624 540 702 christianum
557 643 599 697 ac
619 620 821 720 theologum
843 620 992 695 Galliam
1011 619 1183 698 invasisse
1207 619 1360 699 videtur.
1381 624 1477 702 Inde

302 758 466 859 quaedam
490 758 527 833 in
544 756 705 832 Sorbona
726 752 922 830 doctissimi
940 752 1006 831 viri
1025 757 1065 834 V.
1088 755 1137 832 Le
1159 754 1258 831 Clerc
1279 757 1324 835 de
1346 759 1476 866 Boetia

302 893 564 995 praelectiones3
597 891 678 967 inde
711 889 804 966 docti
829 890 864 965 C.
892 889 1065 968 Jourdain
1087 890 1206 968 dilecti
1234 892 1391 994 magistri
1422 896 1474 971 Le

302 1030 399 1105 Clerc
414 1028 559 1128 vestigia
577 1026 770 1129 prementis
786 1025 1014 1126 hypotheses.

352 1163 495 1239 Boetius
514 1161 581 1258 ille,
599 1162 649 1237 ait
670 1162 709 1235 D.
727 1158 915 1252 Jonrdaiu,
936 1183 1045 1259 quem
1064 1161 1187 1239 colunt
1206 1160 1326 1264 Papiae
1342 1161 1476 1241 fideles

299 1297 479 1374 christiani
499 1303 539 1369 ut
559 1304 764 1394 martyrem,
785 1317 857 1370 non
873 1303 925 1369 est
941 1293 1000 1370 ille
1018 1295 1162 1370 Anicius
1183 1295 1326 1371 Boetius
1342 1303 1473 1372 auctor

299 1427 379 1502 libri
406 1428 450 1502 de
475 1424 721 1501 Consolatione
751 1427 997 1526 philosophia.
1028 1428 1109 1502 Fuit
1133 1428 1227 1503 enirn
1252 1427 1345 1503 inter
1372 1430 1473 1528 epis·

299 1585 408 1660 copas
442 1585 484 1636 er
519 1559 634 1634 Africa
671 1558 860 1659 depulsos,
893 1556 930 1631 in
970 1558 1217 1656 persecutione
1255 1559 1470 1656 vandalica,

298 1718 392 1770 anno
430 1687 519 1791 504,
554 1692 710 1768 Boethus
739 1691 899 1790 quidam,
934 1692 1039 1788 cujus
1069 1712 1198 1766 nomen
1221 1692 1309 1765 'cum
1343 1690 1469 1766 Anicio

296 1825 419 1902 Boetio
446 1822 688 1918 cunfunditur,
708 1823 790 1898 inde
811 1821 1010 1922 praesertim
1025 1822 1121 1920 quod
1137 1829 1239 1897 aetate
1258 1821 1468 1921 luitprandi

296 1960 613 2059 Langobardorum
633 1959 735 2057 regis,
757 1981 851 2033 anno
874 1952 962 2054 725,
984 1957 1144 2054 reliquiae
1164 1958 1199 2033 S.
1221 1955 1408 2055 Augustini
1425 1981 1468 2034 ac

295 2090 531 2190 quorumdam
550 2114 614 2189 pro
629 2090 821 2165 christiana
837 2091 909 2166 fide
929 2091 1073 2165 exulum
1091 2116 1111 2167 e
1131 2089 1294 2166 Sardinia
1312 2091 1463 2190 Papiam

295 2225 474 2302 translatae
503 2235 597 2300 sunt.
624 2225 820 2324 Episcopus
844 2226 1002 2302 Boethus
1032 2247 1111 2299 vere
1138 2221 1206 2296 suit
1230 2220 1463 2318 christianus,

294 2369 440 2460 martyr,
470 2383 512 2435 ac
539 2359 770 2458 probabiliter
797 2371 922 2439 auctor
949 2383 1076 2436 eorum
1102 2359 1358 2457 opusculorum
1382 2381 1465 2456 quae

292 2495 414 2571 Boetio
430 2494 642 2595 philosopho
660 2494 923 2570 adscribuntur.
944 2490 1112 2569 Confusio
1132 2489 1287 2565 nominis
1303 2513 1464 2566 errorem

291 2627 431 2703 induxit
453 2627 547 2703 circa
570 2651 784 2728 personam3
809 2651 850 2701 ex
874 2625 940 2701 hoc
965 2624 1065 2700 sonte
1089 2623 1320 2699 dimanarunt
1346 2622 1464 2699 tradi-

291 2760 403 2837 tiones
434 2785 496 2861 per
527 2767 642 2836 totum
673 2759 833 2835 medium
861 2782 976 2834 aerum
1005 2756 1144 2832 diffusae
1173 2756 1217 2834 de
1245 2755 1463 2856 philosopho

289 2893 412 2970 Boetio
427 2891 634 2987 christiano,
650 2902 809 2990 martyre
827 2916 869 2967 ac
887 2890 1052 2989 theologo
1062 2888 1084 2967 ¹.

322 3265 330 3296 ¹
353 3263 392 3310 De
413 3261 534 3323 l'oripina
553 3262 598 3310 clos
618 3261 761 3309 traditione
781 3275 830 3309 sur
843 3261 866 3309 la
877 3261 1082 3310 christianismo
1095 3260 1125 3309 de
1138 3259 1229 3310 Boane,
1244 3260 1383 3310 Me'moires
1394 3261 1461 3322 pre-

286 3342 374 3391 sentes
393 3341 408 3390 b
428 3339 599 3402 l'Academie,
615 3344 678 3390 tom.
691 3341 734 3402 vt,
747 3355 808 3390 ann.
823 3339 893 3397 1860,
906 3355 930 3403 p.
952 3340 994 3390 331
1011 3345 1037 3390 et
1047 3339 1111 3389 suiv.
1127 3355 1132 3388 :
1148 3356 1158 3383 r
1175 3337 1258 3387 Boece
1281 3337 1355 3387 a·t·il
1374 3339 1418 3388 ete
1433 3339 1459 3389 le

286 3421 389 3471 servent
400 3421 519 3471 chre'tien
530 3433 581 3484 que
594 3421 719 3472 l'histoire
731 3421 928 3484 ecclesiastiquc
944 3435 1009 3469 nous
1021 3418 1192 3483 representet
1204 3419 1280 3468 Est-il
1290 3419 1401 3468 l’auteur
1411 3420 1460 3469 des

285 3516 411 3566 ouvrages
431 3502 463 3550 de
477 3501 607 3565 theologie
621 3501 664 3564 qui
677 3505 781 3564 portent
796 3515 844 3550 son
858 3501 943 3549 uoru‘?
956 3501 987 3550 Sa
999 3501 1033 3549 loi
1046 3499 1184 3561 religicuse
1201 3499 1299 3548 a-t·elle
1320 3498 1459 3548 contribui».

284 3595 334 3630 aux
355 3581 533 3644 persecutions
554 3581 617 3629 dont
637 3581 655 3629 il
677 3581 714 3630 lut
735 3580 862 3630 victime?
886 3580 906 3629 ll
922 3595 938 3643 y
954 3594 969 3628 a
986 3578 1114 3641 plusieurs
1128 3579 1227 3627 annees
1242 3578 1276 3629 M.
1289 3579 1317 3630 V.
1331 3580 1367 3629 Le
1379 3578 1458 3629 Clerc

284 3660 367 3723 poscit
379 3660 438 3722 ddja
450 3674 494 3708 ecs
505 3659 648 3723 questions,
662 3665 688 3709 et
700 3661 719 3710 il
731 3661 769 3709 les
781 3660 913 3709 tranchait
924 3674 970 3722 par
991 3659 1015 3707 la
1034 3658 1155 3721 negative
1176 3659 1241 3708 dans
1261 3674 1313 3709 une
1334 3659 1403 3709 se'rie
1422 3661 1457 3710 de

283 3736 371 3802 lecons
384 3741 446 3789 dont
457 3741 482 3789 le
496 3740 617 3790 sourenir
630 3743 670 3787 est
681 3753 776 3788 encore
795 3739 882 3788 vivant
903 3737 965 3786 chez
980 3751 1044 3787 ceux
1058 3737 1103 3800 qui
1115 3738 1154 3787 les
1165 3743 1213 3787 out
1226 3738 1379 3789 entendues.
1393 3739 1458 3791 blais

283 3819 347 3868 c’est
358 3834 391 3869 eu
403 3821 556 3885 Allemagne
569 3824 670 3870 surtout
681 3833 731 3882 que
743 3820 866 3883 l'opinion
876 3833 1015 3868 commune
1025 3831 1041 3866 a
1052 3818 1143 3867 trouve'
1153 3819 1185 3867 de
1193 3820 1337 3869 nombreux
1351 3825 1457 3870 contra-

282 3898 405 3948 dicteurs.

313 3978 464 4041 Cepeudant
477 3979 543 4027 voici
561 3994 612 4043 que
626 3994 685 4028 vers
697 3980 748 4030 l'an
761 3980 814 4043 tas,
830 3979 855 4028 le
876 3979 916 4029 roi
937 3980 983 4029 des
1004 3980 1153 4039 Lombards‚
1172 3979 1322 4042 Luitprand‚
1344 3980 1419 4032 cleve
1439 3981 1456 4032 a

281 4057 364 4108 Boece
385 4073 421 4107 un
444 4060 576 4108 mausolea
597 4059 787 4119 bPavie,dans
799 4060 898 4124 l’e'glise
919 4060 951 4108 de
964 4059 1341 4123 Saint-Pierre-au-Ciel·d'0r‚
1358 4059 1456 4112 londde

280 4139 370 4203 depuis
382 4153 441 4203 peu.
458 4138 526 4189 C’est
538 4153 567 4189 ce
581 4140 712 4190 mausolea
725 4139 887 4204 auj0urd'hui
898 4139 1002 4197 ddtruit,
1015 4153 1065 4203 qne
1078 4139 1161 4190 Dante
1172 4140 1240 4190 avait
1252 4139 1336 4202 visite,
1349 4144 1376 4190 et
1389 4141 1455 4192 dont

279 4216 298 4266 il
310 4222 351 4268 est
362 4219 481 4281 question
491 4218 555 4268 dans
566 4233 610 4268 ces
622 4235 681 4270 vers
693 4222 724 4270 de
737 4221 762 4270 la
773 4221 874 4270 Divina
887 4220 1071 4272 Commedic...

309 4296 382 4347 Nous
401 4312 500 4348 venons
517 4299 550 4348 de
565 4313 697 4364 maroam,
715 4300 743 4363 je
761 4300 836 4361 crois,
851 4299 969 4364 l'epoque
981 4300 1082 4364 precise
1094 4299 1128 4350 ob
1142 4300 1166 4348 la
1179 4297 1300 4347 tradition
1311 4297 1347 4346 du
1359 4295 1451 4348 Chris-

278 4379 398 4430 tianisme
415 4382 447 4430 de
464 4381 547 4431 Bobce
564 4396 579 4430 a
595 4381 649 4444 pris
662 4381 797 4430 naissanee
811 4395 844 4429 en
858 4380 931 4429 Italie
949 4385 976 4429 et
995 4381 1026 4429 de
1044 4379 1069 4430 ta
1082 4381 1142 4430 s'est
1154 4378 1286 4443 repandae
1302 4377 1367 4427 dans
1379 4383 1453 4431 toute

278 4456 407 4524 l’Europe.
416 4461 480 4511 blais
490 4466 624 4512 comment
636 4466 704 4511 cette
716 4462 838 4510 tradition
850 4462 946 4510 at-elle
964 4476 999 4524 pu
1009 4476 1037 4510 se
1047 4459 1164 4510 lormer‘l
1181 4457 1248 4518 Quel
1264 4456 1341 4505 motis
1355 4470 1453 4519 poussa

278 4539 416 4604 Luitprand
436 4539 551 4590 &elever
567 4555 604 4590 un
622 4542 745 4591 tombeau
766 4542 830 4591 dans
852 4555 902 4590 une
926 4540 1007 4605 eglise
1029 4541 1191 4602 ehretienne,
1212 4538 1273 4601 pres
1288 4537 1323 4586 du
1339 4537 1452 4587 maltro·
