3240 5468
755 434 955 506 -ffl-

279 626 536 726 »diligentiam
565 624 689 727 implet
717 650 824 701 omne
850 625 947 724 quod
976 624 1124 723 cogitur,
1151 625 1209 700 cui
1238 626 1332 701 inter
1359 626 1447 701 vitm

276 795 293 826 ι
314 760 458 836 exordia
471 760 582 834 ludus
600 771 654 834 est
671 759 832 835 lectionis
851 757 1082 836 assiduitas...
1101 758 1139 834 in
1153 761 1258 858 cujus
1272 759 1447 836 manibus

276 927 293 958 ι
314 891 495 993 duplicato
509 893 590 991 igne
604 892 725 967 rutilat
740 916 811 991 qua
827 901 964 968 veteres
979 891 1057 968 face
1072 891 1283 968 fulserunt¹.
1306 928 1323 958 ι
1342 893 1447 968 Nova

269 1025 437 1125 quaedam
459 1026 513 1100 bis
533 1025 699 1101 laudibus
719 1026 816 1101 addit
840 1025 1091 1125 Cassiodorus,
1116 1025 1203 1100 dum
1217 1025 1262 1122 ad
1278 1025 1449 1101 Boetium

270 1159 391 1235 scribit
423 1193 431 1237 :
471 1193 488 1223 «
529 1161 782 1259 Quascumque
819 1158 1029 1258 disciplinas
1062 1157 1116 1233 vel
1155 1165 1250 1233 artes
1285 1156 1450 1234 fecunda

275 1327 291 1358 ι
314 1291 444 1367 Graecia
468 1316 533 1392 per
557 1293 717 1391 singulos
742 1293 836 1368 viros
864 1292 975 1368 edidit
1001 1301 1033 1368 te
1059 1316 1131 1367 uno
1155 1303 1301 1367 auctore
1324 1292 1450 1392 patrio

277 1460 294 1491 u
316 1448 480 1500 sermone
494 1425 606 1501 Roma
625 1425 803 1525 suscepit3
819 1449 911 1524 qnos
927 1434 1025 1501 tanta
1042 1426 1231 1531 verborum
1248 1424 1450 1502 luculentia

275 1556 495 1633 »reddidisti
523 1556 651 1653 claros,
683 1566 779 1634 tanta
806 1558 937 1658 linguas
969 1558 1186 1659 proprietate
1214 1557 1450 1658 conspicuos,

276 1727 292 1759 »
315 1687 415 1768 ut...²
434 1725 451 1758 n
480 1691 530 1766 td
555 1700 723 1767 ornatum
746 1691 888 1767 dicendi
912 1716 1025 1791 genus
1048 1716 1121 1767 non
1143 1691 1280 1766 videtur
1299 1692 1451 1768 Boetius

270 1845 437 1922 magnam
457 1848 579 1899 curam
595 1823 766 1919 attulisse,
782 1825 843 1900 sed
860 1825 904 1899 nd
921 1825 1106 1901 veritatem
1120 1823 1307 1922 diligenter
1321 1826 1452 1925 expri-

272 1957 450 2054 mendam,
468 1968 507 2030 ut
522 1957 598 2056 ipse
614 1965 763 2031 testatur
780 1957 825 2033 de
845 1957 919 2032 suis
940 1957 1232 2033 translationibus
1252 1986 1261 2030 :
1286 1995 1301 2026 «
1323 1958 1368 2032 In
1387 1958 1449 2033 his

276 2123 292 2154 n
315 2088 469 2187 scriptis,
494 2089 684 2187 inquibus
710 2113 829 2166 rerum
854 2091 1007 2190 cognitio
1034 2090 1217 2189 quaritur,
1241 2114 1315 2166 non
1338 2089 1452 2166 lucu·

277 2255 293 2287 »
315 2220 419 2297 lentae
437 2220 608 2297 orationis
625 2221 737 2321 lepos,
755 2223 817 2299 sed
834 2222 1043 2323 incorrupta
1062 2223 1193 2300 veritas
1212 2223 1451 2325 exprimenda

277 2389 293 2421 ι
316 2364 370 2430 est
379 2350 402 2432 ³.
429 2390 446 2421 u
469 2353 604 2430 Saeculo
619 2368 683 2430 ΧΨ
698 2365 820 2431 autem
839 2378 859 2429 a
876 2355 1069 2431 Laurentio
1083 2355 1196 2452 Valla,
1217 2356 1452 2434 anti-scolas-

274 2489 344 2564 tico
358 2487 516 2586 quodam
532 2487 724 2587 philolog0,
741 2489 974 2588 impugnatus
989 2497 1043 2563 est
1053 2487 1197 2564 Boetius
1212 2490 1315 2587 quasi
1329 2520 1344 2551 ι
1360 2491 1451 2566 bar-

272 2621 378 2696 baras
397 2644 502 2696 voces
520 2620 774 2697 introduxisset
794 2645 835 2697 ac
858 2655 874 2684 «ι
896 2622 1048 2696 barbare
1067 2621 1163 2719 loqui
1182 2619 1398 2698 docuisset⁴.
1424 2659 1446 2693 ι

274 2754 401 2829 Mirum
418 2765 471 2829 est
489 2753 650 2855 exempla
675 2756 863 2833 desumere
886 2758 911 2829 V
915 2755 1020 2830 allam
1040 2780 1060 2830 e
1079 2755 1170 2831 libro
1190 2758 1232 2831 de
1245 2781 1399 2855 perrona
1414 2775 1450 2836 et

273 2901 418 2977 natura,
436 2888 497 2987 qui
519 2888 563 2963 ad
584 2889 755 2988 opuscula
779 2888 972 2987 theologica
995 2889 1147 2987 pertinet
1161 2898 1196 2965 et
1210 2890 1301 2966 inter
1316 2900 1448 2970 caetera

273 3030 400 3096 ornato
429 3020 568 3097 dicendi
599 3045 728 3120 genere
759 3020 879 3121 pollet.
911 3019 1050 3121 Stylum
1085 3021 1205 3122 ipsum
1236 3025 1295 3122 qui
1329 3026 1449 3126 magis

276 3151 477 3250 theologicis
511 3153 766 3252 questionibus
799 3153 989 3231 convenire
1025 3153 1165 3228 videtur
1196 3155 1243 3230 ita
1276 3155 1448 3233 describit

273 3284 416 3358 Boetius
436 3313 445 3357 ε
470 3318 486 3348 «
509 3285 645 3360 Idcirco
667 3286 788 3360 stilum
813 3287 986 3363 hrevitate
1005 3287 1176 3363 contraho
1194 3299 1228 3364 et
1245 3313 1286 3365 er
1305 3289 1448 3366 intimis

277 3452 292 3484 ι»
315 3428 458 3517 sumpta
475 3417 708 3519 philosophiae
723 3419 925 3520 disciplinis
941 3443 1110 3495 cocorant
1125 3422 1312 3496 verborum
1329 3421 1448 3520 signi-

278 3550 543 3626 »ficationibus
566 3551 656 3647 velo,
680 3564 717 3626 ut
743 3551 818 3629 haec
843 3538 930 3628 uiihi
958 3561 1097 3629 tantum
1119 3553 1292 3652 vobisque
1317 3556 1447 3654 (Sym-

277 3720 292 3750 »
317 3682 443 3759 macho
459 3688 609 3781 socero),
627 3685 656 3758 si
673 3686 819 3784 quando
837 3686 881 3760 ad
898 3710 940 3762 ea
956 3688 1160 3763 convertitis
1175 3687 1297 3763 oculos
1317 3687 1447 3764 conlo-

276 3850 292 3882 »
316 3815 505 3914 quantur⁵.
540 3852 556 3883 »
590 3851 605 3881 «
642 3818 794 3894 Prohinc
828 3819 887 3917 (ad
915 3820 1088 3895 loannem
1117 3820 1309 3896 diaconum
1333 3821 1446 3899 verba

303 4123 312 4157 ¹
334 4121 392 4185 Ep,
404 4122 458 4186 vlt,
471 4121 510 4172 13.

302 4204 314 4236 ²
339 4200 466 4266 Var.‚ep.
481 4202 553 4262 1‚t5.

302 4285 313 4315 ⁵
333 4282 367 4330 In
381 4282 514 4347 Porphyr.
527 4299 545 4333 a
557 4298 603 4346 re„
617 4285 685 4334 Edit.
700 4285 788 4347 Basil,
802 4300 827 4349 p.
840 4287 879 4336 46.

266 4440 277 4488 1
300 4363 576 4492 ⁸1Disppgdialcct„
589 4366 675 4420 Prael..
690 4381 715 4429 p.
727 4366 782 4416 dli.
796 4366 834 4415 cf.
848 4368 972 4430 Elcqunt.
988 4366 1036 4416 lut.
1049 4380 1140 4426 serm„
1154 4368 1198 4418 lib.
1212 4368 1267 4430 vlt,
1278 4367 1343 4419 Edit.
1360 4368 1442 4430 Basil,

281 4443 310 4492 st
330 4458 374 4505 ‚p.
402 4443 408 4459 ‘
436 4483 441 4494 .

302 4520 314 4553 ⁸
330 4518 371 4569 De
385 4520 523 4584 Trinitat„
539 4522 708 4574 Prooemium.
