3240 5468
662 442 857 514 -ldd-

185 636 288 719 -lll,
310 677 361 691 -
384 635 469 711 Haec
493 603 634 712 sicera
658 641 779 710 essent
802 633 964 710 nondum
988 643 1196 734 sequeretur
1220 660 1261 713 er
1288 635 1344 712 his

174 766 337 844 ordinem
350 766 509 845 universi
524 767 774 868 perturbatum
783 790 861 842 esse
871 790 938 844 neo
953 790 972 844 a
989 767 1252 867 sapientissimo
1263 766 1346 844 Pro·

174 898 329 977 ridentia
358 901 491 1000 optime
519 877 772 978 administrari.
812 900 950 977 Etenim
971 900 1013 976 'si
1042 902 1193 1001 quaestio
1220 910 1274 978 est
1301 900 1346 978 de

174 1035 324 1137 imperio
335 1034 523 1130 malorum,
535 1042 673 1112 certum
684 1043 738 1111 est
753 1034 1021 1135 «despectiores
1036 1034 1346 1136 potiusimprobos

176 1167 383 1268 dignitatem
406 1168 592 1266 lacera...
614 1157 770 1270 namque
789 1169 942 1271 improbi
962 1170 1152 1271 dignitates
1172 1193 1236 1246 sua
1256 1193 1347 1247 oon-

177 1300 618 1400 tegioneoommaculunt¹.
636 1337 650 1371 s
666 1304 743 1378 Nou
756 1304 837 1379 ideo
851 1314 933 1380 sunt
945 1303 1066 1382 felices
1075 1305 1159 1406 quia
1168 1312 1346 1406 potentes.

178 1467 195 1503 ι
220 1438 304 1524 Quae
320 1446 373 1514 est
389 1437 465 1514 haec
480 1444 638 1537 potestas
658 1461 738 1536 quae
758 1436 1040 1514 sollicitudinum
1062 1461 1204 1515 morsus
1226 1436 1348 1539 erpel-

175 1572 258 1667 lere,
284 1569 627 1671 quae'lormidinum
656 1567 797 1644 aculeos
825 1568 938 1645 vitare
966 1568 1152 1669 nequitt...
1182 1571 1269 1656 Quae
1296 1577 1349 1644 est

176 1703 244 1780 ista
264 1705 423 1804 potentia
443 1729 551 1806 quam
572 1704 828 1805 pertimescunt
842 1703 1026 1801 habentes,
1046 1725 1156 1802 quam
1175 1725 1242 1778 nec
1267 1725 1349 1778 cum

176 1837 307 1915 babere
329 1839 416 1917 velis
437 1849 535 1915 tutus
555 1838 615 1935 sis,
638 1847 772 1916 etcum
794 1837 972 1939 deponere
991 1835 1126 1936 cupias,
1146 1836 1259 1912 vitare
1278 1857 1349 1910 nou

175 1971 379 2069 possis²?»

233 2106 302 2183 Sed
328 2107 535 2208 negandum
564 2107 749 2184 est'm'alis
774 2131 916 2207 semper
939 2110 1063 2184 adesse
1087 2104 1284 2206 potentiam
1309 2126 1351 2181 ao

176 2239 292 2317 bonos
311 2265 390 2318 esse
408 2241 547 2318 cunctis
570 2240 704 2319 viribus
724 2248 758 2316 et
784 2239 952 2317 lelicitate
973 2240 1147 2318 desertos.
1174 2271 1189 2304 a
1213 2240 1255 2314 ln
1284 2237 1351 2313 hac

177 2373 454 2474 dispositissima
464 2373 573 2450 domo
588 2371 855 2473 patrisfamilias
870 2396 943 2449 non
957 2372 1041 2449 vilia
1062 2395 1148 2448 vasa
1170 2371 1350 2466 coluntur,

177 2529 250 2581 non
282 2507 440 2607 pretiosa
471 2503 711 2585 sordescunt
748 2540 763 2574 a
796 2506 906 2582 Bonis
938 2504 1056 2582 felicia
1091 2504 1212 2600 etiam,
1247 2501 1351 2579 malis

213 2876 223 2909 ¹
247 2875 352 2925 Consol.
365 2875 410 2937 lll,
425 2889 464 2938 pr.
479 2875 501 2924 4.

213 2948 229 2989 ·’
245 2955 325 3018 Ibid,
340 2971 380 3020 pr.
393 2956 417 3006 5.

214 3035 226 3068 ⁸
246 3037 308 3086 Haec
321 3036 401 3086 verba
416 3035 501 3100 (Coos.
522 3036 564 3099 lV,
583 3052 622 3100 pr.
645 3037 666 3100 lp
682 3053 713 3086 :a
735 3038 793 3100 Ipso
814 3039 846 3086 de
867 3036 941 3099 cujus
963 3049 1043 3102 regno
1064 3036 1195 3100 loquimur
1210 3041 1324 3098 auctore,
1340 3056 1350 3085 ι

129 3142 134 3147 -
179 3116 330 3179 explicanda
342 3116 515 3178 relinquimus
532 3115 564 3166 iis
574 3116 619 3178 qui
630 3121 728 3180 negant
747 3117 865 3165 Boetium
877 3116 908 3164 ad
921 3114 1001 3164 tidem
1019 3115 1188 3166 christianam
1201 3114 1333 3179 pertinere
1344 3130 1351 3177 ;

179 3195 347 3244 manitestum
361 3195 472 3249 esthaec
484 3196 562 3245 verba
573 3195 606 3245 ad
618 3196 805 3247 revelationem
820 3196 934 3245 divinam
945 3196 1071 3257 alludere,
1087 3209 1191 3246 necnon
1213 3199 1240 3245 et
1250 3194 1330 3245 verba
1346 3210 1352 3244 τ

182 3292 192 3318 r
219 3273 248 3321 In
264 3273 329 3322 tanti
341 3264 412 3323 velut
430 3274 619 3336 patrisfamilias
633 3275 830 3337 dispositissima
841 3275 919 3324 domo
930 3275 991 3326 vilia
1006 3289 1067 3325 vasa
1079 3275 1228 3325 colerentur
1240 3273 1354 3338 pretiosa

181 3350 370 3399 sordescerent.
384 3350 436 3401 Sed
448 3353 557 3415 nonita,
574 3371 584 3401 s
598 3369 655 3418 quae
669 3357 841 3405 desumuntur
855 3369 887 3404 ex
903 3354 927 3404 ΙΙ
938 3354 971 3404 ad
984 3355 1065 3416 Tim,
1076 3370 1099 3406 e.
1112 3368 1182 3406 mxx
1197 3371 1203 3406 :
1216 3355 1247 3405 In
1259 3367 1354 3419 magna

180 3433 269 3479 autern
280 3430 368 3490 domo,
380 3445 432 3479 non
444 3431 528 3480 solum
541 3440 602 3483 sunt
612 3449 672 3485 vasa
685 3450 764 3486 aurea
776 3440 803 3485 et
816 3440 949 3500 argentea,
961 3436 1008 3484 sed
1020 3440 1047 3486 et
1060 3436 1148 3500 lignea
1159 3441 1186 3485 et
1202 3434 1321 3486 fictilia...

212 3507 335 3567 Queritur
348 3510 495 3560 Nitzschius
507 3513 611 3561 nullum
622 3513 690 3574 apud
703 3512 822 3561 Boetium
840 3511 949 3575 reperiri
964 3512 1102 3577 vestigium
1118 3513 1234 3563 historiae
1252 3511 1354 3562 biblicae

180 3588 251 3638 cirea
262 3590 324 3647 mali
337 3590 477 3654 originem,
488 3591 580 3641 nullibi
591 3592 623 3640 de
633 3591 736 3656 peccati
747 3591 952 3651 universalitate,
966 3593 998 3642 de
1011 3598 1118 3655 peccato
1128 3592 1257 3657 originali,
1272 3606 1303 3642 ac
1321 3592 1354 3641 de

180 3669 338 3719 necessitate
360 3669 558 3734 Redemptlonis
578 3672 750 3734 questionem
772 3685 829 3721 esse
849 3671 878 3720 in
900 3671 966 3720 libro
993 3670 1190 3724 coniectationis
1211 3671 1246 3732 (p.
1260 3669 1309 3732 68).
1321 3669 1356 3718 At

180 3747 271 3798 doctor
291 3749 422 3812 lipsiensis
441 3749 573 3800 immerito
592 3757 619 3802 et
639 3751 786 3802 inordinate
809 3752 935 3815 queritur.
957 3750 1017 3801 Non
1039 3751 1135 3814 patitur
1155 3749 1277 3800 Boetium
1299 3762 1355 3799 esse

180 3840 284 3876 merum
296 3827 489 3892 philosophum,
503 3834 532 3879 ut
542 3830 638 3880 melius
649 3831 730 3894 possit
747 3845 809 3881 eum
825 3836 854 3881 ut
869 3830 1021 3894 theologum
1037 3830 1185 3894 explodere.
1203 3829 1357 3894 Indignatur

180 3905 300 3956 Boetium
317 3921 372 3957 non
390 3922 517 3970 asserere,
531 3915 559 3959 ut
571 3910 666 3961 docent
680 3910 881 3961 Reformationis
895 3910 1019 3976 theologi,
1035 3929 1045 3956 r
1061 3909 1198 3960 hominem
1210 3923 1268 3960 esse
1279 3909 1356 3960 rodi·

180 3987 277 4037 ectiter
290 3987 461 4039 uittatumac
480 3995 632 4053 corruptum
654 3991 687 4053 (p.
707 3991 757 4056 68),
781 4010 791 4037 ι
814 3992 860 4042 sed
882 3991 969 4042 dicere
987 3990 1118 4053 homines,
1137 3991 1224 4041 licet«
1244 3990 1357 4054 epatris

181 4067 279 4126 exules,
294 4084 304 4114 r
321 4081 336 4116 e
351 4067 458 4118 «nobili
480 4069 598 4134 germine
618 4069 726 4120 editos»
745 4085 812 4130 esse,
830 4088 841 4117 r
862 4071 950 4135 plures
973 4090 983 4119 a
1005 4085 1063 4122 esse
1085 4072 1177 4132 malos,
1195 4084 1249 4119 non
1269 4074 1357 4119 autem

180 4163 282 4210 ornnes,
296 4163 341 4199 eos
352 4164 463 4214 peccare
482 4166 495 4200 c
512 4166 544 4201 err
558 4152 661 4202 inscitia
682 4151 820 4212 bonorum,
840 4167 872 4201 ex
889 4153 1042 4217 ignorantiae
1066 4153 1191 4213 caecitate,
1210 4165 1241 4200 er
1259 4162 1356 4210 errore,

180 4229 262 4279 veluti
273 4228 338 4280 ebrii
350 4231 395 4293 qui
409 4232 542 4281 tramitem
555 4217 727 4295 quo'domum
743 4238 917 4291 revertantur,
931 4233 1053 4298 ignorant
1066 4249 1076 4277 ι
1090 4232 1197 4281 tandem
1212 4243 1242 4279 ex
1262 4246 1272 4274 a
1291 4241 1356 4292 pon-

180 4310 243 4359 dere
265 4324 397 4374 corporeae
414 4311 515 4361 molis·
530 4327 545 4362 a
559 4327 610 4376 qua
629 4318 835 4378 praegravantur.
855 4314 917 4364 Haec
931 4314 1027 4375 omnia,
1047 4326 1105 4376 quae
1119 4312 1152 4362 ad
1167 4310 1358 4361 exactissimam

180 4390 242 4441 tidei
262 4391 397 4442 catholice
412 4407 533 4444 normam
552 4395 674 4445 dicuntur
692 4411 708 4446 a
725 4396 814 4446 Boetio
833 4402 931 4458 nostro,
952 4410 1013 4446 curn
1030 4395 1240 4446 Lutheranorum
1257 4391 1359 4456 placitis

181 4469 291 4519 minime
305 4473 473 4522 concordant.
494 4471 545 4522 Sed
563 4474 625 4537 quid
639 4475 672 4524 ad
685 4474 755 4525 nos‘l
767 4475 826 4524 Non
842 4475 1008 4524 lutheranum
1025 4473 1186 4536 theologum,
1205 4471 1250 4520 sed
1267 4468 1359 4533 catho-

182 4548 263 4598 licum
275 4551 360 4602 vnum
372 4551 492 4600 Boetium
504 4553 691 4603 vindicandum
706 4553 876 4616 suscepimus.

1199 4670 1216 4722 9
