3240 5468
770 449 947 519 ..63-

277 638 405 715 Contra
430 636 680 733 Aristotelicas,
707 661 774 737 ope
798 637 1000 734 dialecticae,
1021 662 1086 738 pro
1106 639 1198 715 virili
1215 647 1315 740 parte
1335 641 1444 720 etiam

276 771 515 873 propugnavit
534 771 689 848 Boetius,
715 773 768 847 du
795 794 837 846 ex
860 769 958 846 omni
985 779 1085 871 parte
1108 771 1264 872 perfecte
1287 782 1322 850 et
1344 774 1447 850 sulfi-

274 906 408 997 cieuter
431 906 568 982 nodum
592 904 752 1001 solverit,
780 904 917 981 dicetur
942 911 1079 1004 postea.
1108 905 1208 983 Nunc
1231 905 1276 982 ad
1303 907 1444 1009 ultima,

273 1040 522 1140 procedamus.
767 1044 769 1046 ’

281 1240 286 1246 .
328 1173 417 1250 Cum
437 1197 521 1275 ergo
543 1172 681 1251 audiret
696 1197 737 1251 ex
756 1172 891 1249 nuntiis
907 1171 1149 1250 Theudoricus
1164 1197 1225 1250 rex
1240 1198 1298 1251 res
1309 1198 1393 1252 suas
1404 1175 1443 1252 in

274 1306 417 1383 Oriente
432 1307 536 1384 aliter
550 1331 592 1384 ac
611 1313 815 1409 speraverat
835 1306 1035 1403 succedere,
1058 1308 1271 1384 sententiam
1296 1308 1332 1384 in
1350 1311 1444 1388 Boe-

272 1439 482 1518 tiumlatam
494 1441 667 1518 maturari
677 1441 794 1542 iussit.
809 1443 921 1541 Tunc,
934 1441 981 1517 ait
993 1443 1213 1543 Anonymus,
1223 1441 1363 1521 vocarit
1373 1447 1444 1521 Eu-

272 1574 345 1651 sebi
351 1599 422 1675 um,
437 1574 644 1677 praelectum
659 1575 758 1652 urbis
778 1575 903 1673 Ticini,
918 1583 952 1652 et
967 1574 1126 1652 inaudito
1143 1575 1276 1677 boelio,
1292 1578 1444 1678 protulit

271 1710 497 1786 seutentiam.
522 1709 634 1796 Quem
661 1707 854 1785 Eusebium
871 1732 952 1785 mox
973 1709 1009 1783 in
1029 1732 1153 1807 aprum
1171 1702 1442 1787 Caluentiuuuna

269 1843 331 1918 au
358 1843 394 1918 a
420 1822 590 1920 'castora
624 1842 821 1919 aaaeaaur
850 1841 1010 1938 aonias,
1034 1841 1131 1918 man
1154 1843 1246 1939 aex,
1272 1850 1307 1919 a
1332 1842 1443 1943 jusu

269 1975 619 2054 Boetiumoceidere.
631 2007 648 2040 α
669 1974 736 2064 Qui
753 1982 896 2076 accepta
908 1973 1051 2074 chorda,
1063 1971 1228 2050 infroule
1240 1973 1441 2054 diutissime

269 2116 396 2208 tortus,
419 2110 468 2186 ila
493 2118 533 2186 ut
556 2109 650 2188 oculi
674 2110 750 2210 ejus
779 2115 982 2208 creparent,
1004 2107 1055 2185 sic
1075 2109 1141 2193 sub
1170 2116 1361 2207 tormenta,
1392 2110 1438 2185 ad

267 2241 433 2321 ultimum
453 2269 536 2322 cum
555 2243 673 2320 luste¹
690 2241 863 2319 occiditur
875 2239 899 2318 ².
917 2275 934 2309 ι»

288 2441 290 2447 .
321 2378 468 2480 Singula
481 2377 697 2479 quaequaeab
708 2378 896 2478 Anonymo
907 2376 1004 2453 dicta
1019 2401 1040 2454 a
1054 2375 1297 2454 monumentis
1308 2377 1440 2454 confir-

265 2520 421 2591 mantur.
447 2514 532 2586 Erat
555 2511 648 2588 enim
675 2510 819 2586 Boetius
837 2511 875 2585 in
893 2510 1028 2587 ditione
1049 2509 1147 2586 urhis
1168 2509 1375 2606 Ticinensis,
1399 2511 1439 2587 iu

266 2645 509 2722 uetustissima
531 2645 622 2722 turri
649 2643 820 2744 inclusus,
847 2668 926 2744 quae
951 2647 1063 2744 usque
1088 2643 1134 2720 ad
1163 2667 1298 2721 aunum
1322 2643 1439 2743 ipsius

265 2780 388 2880 ruinae,
416 2775 530 2877 1584,
560 2780 685 2854 Turris
708 2779 827 2854 Raetii
847 2777 1094 2879 appellabatur
1109 2774 1132 2858 ³.
1151 2777 1334 2855 ⁴Custodia
1360 2786 1438 2854 erat

263 2937 376 3014 prope
400 2911 651 3014 baptisterium
670 2911 828 3008 ecclesiae
854 2911 1077 3009 cathedralis,
1099 2935 1179 3011 quae
1200 2918 1282 2986 tuuc
1303 2912 1438 2987 sanctis

264 3047 431 3122 Gervasio
451 3054 485 3122 et
512 3045 671 3121 Protasio
692 3045 809 3121 «licata
830 3055 917 3120 erat.
944 3046 1026 3120 Haec
1051 3043 1157 3120 habet
1181 3045 1285 3119 Liber
1314 3046 1439 3120 Polati-

263 3179 373 3276 ficulis
388 3173 805 3270 Veronensis'ecclesiae*
829 3175 873 3254 de
889 3177 999 3253 Boetii
1016 3200 1057 3253 ac
1074 3176 1280 3277 Symmachi
1298 3184 1433 3255 morte:

265 3342 281 3373 α
304 3311 493 3387 lralusrex
510 3309 760 3409 Theudoricus,
783 3308 995 3386 christianos
1016 3309 1128 3387 voluit
1143 3309 1251 3386 Italiae
1271 3310 1434 3410 perdere.

264 3444 391 3519 Tenuit
406 3443 497 3520 duos
513 3447 695 3521 senatores
711 3442 872 3518 Boetium
890 3451 924 3520 et
941 3443 1208 3543 Symmachum,
1228 3443 1433 3544 patricium,

260 3599 352 3676 quos
372 3576 489 3677 gladio
513 3576 690 3654 interfecit
708 3583 744 3652 ‘et
764 3577 923 3652 abscondi
942 3579 1102 3676 plraecepr't
1112 3574 1135 3651 ⁵.
1162 3575 1299 3663 Quibus
1314 3576 1433 3655 verbis

292 3839 301 3874 ¹
322 3839 406 3888 Iustis
418 3852 516 3888 nomen
528 3864 559 3876 -
578 3838 690 3898 hastam,
708 3838 831 3898 securim,
853 3835 988 3899 matteum,
1002 3836 1102 3887 clavam
1114 3841 1140 3887 et
1152 3835 1301 3901 vaginatum
1316 3834 1448 3902 8111111111Ι

258 3917 464 3980 comprehendit.
480 3918 621 3982 (Ducauge,
636 3917 752 3970 Gloasur.
770 3915 848 3967 latin,
860 3918 931 3966 med.
945 3917 1013 3980 oevi.)
1221 3913 1223 3916 ’
1249 3907 1251 3911 ’
1317 3913 1318 3916 ’

290 3999 302 4032 ¹
322 3997 385 4047 Haec
402 3998 434 4047 de
455 3998 538 4047 Boetii
559 3998 690 4048 occisione
709 3998 788 4047 refert
809 3998 962 4062 Anonymus
975 3996 1071 4061 Tales,
1087 3997 1135 4047 sub
1150 3997 1250 4047 finem:
1265 4014 1276 4043 ι
1298 3996 1354 4046 Rex
1368 4011 1445 4064 vero¹

256 4073 358 4124 vocavit
377 4074 527 4136 Eusebium,
540 4068 692 4138 praesectum
707 4077 778 4126 urbis
788 4076 881 4137 Ticini,
894 4080 922 4125 et
942 4074 1057 4124 inaudito
1070 4076 1169 4135 Boetio,
1192 4075 1300 4139 protulit
1321 4075 1349 4124 in
1368 4089 1432 4124 eum

255 4154 421 4204 seutentiam.
435 4155 519 4216 Quem
532 4168 592 4204 mox
605 4155 632 4204 iu
645 4170 707 4221 agro
721 4155 888 4206 calventiano
901 4154 945 4204 ubi
957 4154 984 4203 in
999 4155 1115 4205 custodia
1127 4154 1280 4217 habebatur,
1291 4154 1363 4203 misit
1374 4168 1430 4216 rex,

255 4241 281 4286 et
294 4237 356 4287 tecit
367 4238 459 4289 occidi,
475 4239 524 4300 Qui
544 4243 651 4302 accepta
664 4237 769 4299 chorda,
782 4236 905 4286 intrante
920 4234 1066 4284 diutissime
1083 4239 1175 4297 tortuS,
1191 4235 1225 4284 ita
1245 4239 1275 4284 ut
1288 4233 1355 4283 oculi
1373 4234 1431 4295 ejus

256 4324 405 4380 creparent,
417 4319 454 4369 sic
466 4320 514 4369 sub
526 4323 656 4368 tormenta
668 4318 700 4367 ad
715 4317 837 4365 ultimum
854 4329 914 4364 cum
926 4314 992 4364 Iuste
1005 4314 1140 4364 occiditur.
1154 4332 1165 4360 n

289 4401 300 4434 ὅ
322 4399 448 4450 Memoria
459 4402 501 4451 del
514 4416 572 4451 cau.
587 4400 686 4450 Rosizio
698 4398 767 4448 hanc
778 4397 872 4448 turrIm
882 4397 1041 4448 delineatam
1054 4396 1179 4446 continet.

288 4482 301 4514 ⁴
321 4480 419 4544 Migne,
431 4487 494 4530 tom.
509 4480 641 4542 CXXVIII,
655 4480 705 4531 col.
719 4479 788 4529 tuo.
1107 4467 1108 4470 ¹
1296 4499 1298 4501 ¹

290 4561 301 4593 ⁸
320 4557 414 4623 Idigne,
427 4565 446 4610 t.
459 4557 588 4621 CXXVIII,
601 4560 651 4609 eol.
667 4559 736 4621 1116,
749 4558 830 4612 Catal.
843 4558 919 4611 Rom.
935 4558 1026 4623 pontit.
1042 4573 1056 4608 e
1069 4558 1126 4609 cod.
1139 4557 1228 4622 capit,
1238 4555 1334 4610 Veron.
