3240 5468
781 452 980 524 -168-

296 651 408 728 Boetii
442 650 536 727 eirea
570 647 801 748 theologiam,
830 667 956 720 rerum
984 643 1139 743 graviter
1167 645 1341 744 peccarit,
1370 649 1478 747 juxta

296 784 497 885 Peiperum,
527 783 589 882 qui
615 783 721 882 hujus
745 776 964 856 recensionis
991 784 1115 853 auctor
1136 786 1244 874 esto
1274 781 1366 855 Nam
1398 803 1479 856 non

299 953 315 986 a
348 918 464 994 solum
488 942 568 1018 quae
592 917 730 1017 priores
754 911 892 989 librarii
916 918 1121 988 erraverant
1143 911 1210 988 iste
1235 912 1389 990 correxit
1409 915 1480 990 sed

299 1086 317 1121 a
348 1052 456 1130 etiam
470 1076 549 1151 quoe
567 1049 690 1126 Bnelio
706 1046 852 1149 propria
867 1053 963 1141 sunt,
983 1045 1147 1121 mutandi
1166 1046 1285 1122 studio
1301 1047 1481 1148 abreptus

301 1222 317 1252 a
351 1195 420 1260 tam
446 1187 651 1284 frequenter
670 1180 817 1275 inflexit,
838 1187 877 1256 ut
895 1204 988 1282 pone
1005 1204 1120 1258 novus
1141 1203 1258 1256 sermo
1277 1181 1481 1259 Boetianus

299 1354 315 1387 a
347 1325 531 1419 appareat,
548 1327 582 1393 et
598 1317 633 1392 in
652 1310 894 1392 Consolatione
908 1320 942 1389 et
956 1313 993 1390 in
1009 1314 1120 1390 sacris
1135 1314 1278 1415 scriptis
1293 1315 1315 1392 ¹.
1343 1349 1360 1382 a

349 1452 386 1527 Si
406 1460 525 1529 autem
546 1450 772 1528 Sohundelen
792 1449 934 1545 audias,
957 1455 1139 1525 auctorem
1159 1448 1195 1524 in
1215 1473 1253 1526 re
1272 1449 1475 1551 bibliogra-

295 1587 401 1688 phica
416 1585 711 1679 versatissimum,
730 1570 788 1657 ita
800 1582 959 1658 monebit
980 1611 989 1654 ε
1014 1611 1028 1644 «
1054 1581 1204 1660 Cuilibet
1222 1584 1484 1683 Prolcpomcnu

293 1719 426 1821 legenti
456 1718 688 1819 perspicuum
716 1723 772 1792 est
806 1715 1013 1814 Obbarium,
1045 1716 1125 1797 lieet
1161 1745 1176 1778 «
1214 1716 1251 1792 in
1278 1717 1483 1821 philologia

299 1888 317 1922 a
349 1853 514 1955 peritum,
536 1850 742 1950 turpissima
757 1849 796 1924 in
812 1848 1069 1950 philosophicis
1087 1856 1122 1925 et
1136 1848 1342 1951 theologicis
1365 1853 1482 1929 rebus

301 2019 318 2056 a
351 1987 551 2088 ignorantia
566 1987 746 2078 laborare,
758 1984 794 2060 in
807 1979 973 2085 2⁰capite
984 1985 1094 2084 hujus
1107 1984 1238 2085 operis,
1250 1984 1343 2062 circa
1360 1987 1483 2063 Boetii

302 2120 560 2221 »religionem
600 2128 634 2195 et
676 2118 952 2219 philosophiam,
984 2124 1036 2193 tot
1077 2118 1181 2195 edere
1214 2142 1353 2195 errores
1387 2131 1484 2220 quot

302 2288 318 2321 ι
352 2255 457 2332 verba
477 2252 502 2328 ⁹.
526 2294 541 2327 a
570 2255 656 2340 Ouae
680 2252 724 2330 de
744 2251 853 2328 Boetii
874 2253 1076 2351 paganitate
1095 2252 1237 2354 scripsit
1257 2254 1439 2333 Ohharius
1456 2255 1483 2357 ³,

298 2390 336 2466 in
366 2397 550 2490 posterum
572 2387 712 2466 defendi
734 2410 839 2488 posse
858 2394 964 2487 negat
982 2386 1058 2488 ipse
1078 2387 1288 2488 Nitzschius,
1310 2391 1371 2490 qui
1395 2391 1484 2467 hni-

301 2521 395 2597 cium
424 2529 596 2614 nostrum,
626 2520 708 2596 licet
739 2519 958 2619 professione
987 2520 1235 2616 christianum,
1255 2522 1363 2600 circa
1398 2525 1485 2602 reli·

303 2655 444 2754 gionem
460 2653 607 2730 omnino
627 2653 888 2731 indifferentem
903 2652 1015 2731 luisse
1030 2654 1132 2755 fingit
1145 2651 1169 2730 ⁴.

355 2790 455 2865 Nunc
489 2810 667 2889 perpauca
696 2811 947 2865 recenseamus
975 2788 1020 2864 ah
1049 2788 1202 2867 Obhario
1231 2792 1381 2892 objecta,
1402 2794 1483 2872 sive
1595 2779 1599 2787 ¹

300 2924 394 3002 circa
405 2924 596 3000 dialecticae
607 2922 762 2998 usumin
772 2921 878 2999 rebus
890 2921 1108 3026 theologicis,
1120 2923 1191 3001 sire
1201 2923 1294 3002 circa
1306 2927 1483 3025 quaedam

302 3058 386 3134 fidei
402 3058 601 3135 christianae
616 3058 793 3158 dogmata.

360 3224 376 3254 α
410 3189 567 3289 Scriptor
588 3189 686 3287 (libri
706 3193 747 3265 ue
769 3192 810 3266 S.
835 3193 1040 3291 Trlnitatc),
1067 3194 1116 3271 ait
1141 3195 1331 3293 Obharius,
1358 3197 1482 3276 Deum

304 3332 488 3424 comparat
512 3348 593 3400 cum
615 3325 900 3425 praedicamentis
920 3334 954 3403 et
971 3329 1093 3405 omnia
1111 3354 1191 3430 quae
1209 3330 1245 3406 in
1267 3353 1309 3407 eo
1324 3355 1483 3434 corpore

303 3466 446 3534 carente
461 3460 539 3557 conj
547 3468 653 3535 uncta
670 3458 790 3558 insint,
805 3459 841 3534 iu
852 3460 988 3537 caeteris
1008 3464 1188 3563 corporeis
1203 3489 1282 3542 esse
1296 3460 1485 3566 disjuncta*

303 3591 536 3688 demonstrat,
562 3599 596 3668 et
619 3592 657 3667 in
684 3594 794 3668 [leura
824 3594 1004 3690 quomodo
1033 3596 1071 3671 in
1100 3590 1273 3675 relatione
1298 3614 1484 3699 apparent

304 3700 451 3822 aqna
465 3722 489 3800 ⁵.
508 3759 526 3794 .‚

304 3951 1479 3985 ——h———ss—*Q—Q.

336 4076 345 4110 ¹
368 4075 471 4138 Peiper,
484 4074 600 4138 Introd,
616 4091 641 4140 p.
654 4077 722 4126 XIII.

335 4158 346 4188 ²
371 4153 461 4203 Theol.
473 4153 687 4218 literaturhlott,
702 4156 795 4220 Bonn,
808 4173 870 4208 ann.
886 4159 954 4222 ¹870,
966 4161 1015 4211 eol.
1028 4161 1084 4212 806.

336 4233 347 4265 ³
369 4233 483 4296 Prolug,
497 4248 522 4296 p.
534 4233 648 4286 XXXIII.

337 4314 349 4346 ⁴
370 4313 420 4361 Das
432 4317 530 4376 system
542 4313 589 4362 der
602 4313 736 4373 Boethius,
749 4331 774 4379 p.
789 4317 829 4369 46,
845 4335 854 4363 a
872 4319 915 4368 Ich
931 4320 996 4383 gebo
1010 4334 1075 4384 gern
1088 4336 1119 4370 zu
1133 4323 1192 4374 dass
1206 4325 1359 4376 Boethius...
1373 4328 1483 4380 seinem

303 4406 444 4441 neusseren
466 4393 641 4444 Bekenntniss
660 4395 727 4445 nach
741 4410 819 4461 sogar
841 4398 883 4448 ein
906 4399 994 4450 Christ
1012 4415 1075 4453 war.
1100 4401 1169 4452 Alter
1190 4419 1218 4453 er
1237 4404 1339 4470 dachte,
1360 4408 1410 4458 wie
1434 4411 1482 4461 eiu

272 4498 278 4531 :·
303 4471 484 4534 autgelrlaerter
495 4473 587 4526 Heide.

336 4551 348 4585 ⁸
366 4553 479 4623 Prolem,
492 4569 517 4621 p.
530 4556 595 4615 XXI.
