3240 5468
717 458 915 528 -lle-

230 653 324 751 (scil.
344 653 385 728 dc
406 651 605 745 Trinitate).
637 684 654 718 a
683 650 771 725 Tum
794 647 914 748 priora
933 645 1147 747 recolligens⁸
1164 646 1213 722 ait
1230 672 1238 720 z
1258 676 1273 712 ι
1295 644 1401 742 Liber

227 787 295 862 iste
311 791 366 862 est
380 783 537 861 auctoris
551 807 661 882 quem
673 780 922 883 insuperabilis
938 780 1049 858 animi
1064 778 1276 877 constantia,
1287 780 1401 880 majo·

228 943 311 997 rum
334 917 512 1015 nobilitas,
543 926 576 994 et
602 915 760 1017 probitas
788 922 947 1011 exornat,
972 915 1164 992 verborum
1193 923 1227 991 et
1256 938 1398 991 morum

228 1052 410 1151 severitas,
430 1052 643 1128 miserorum
662 1049 848 1150 protectio,
869 1048 1052 1150 sapientiae
1071 1047 1268 1149 plenitudo,
1284 1046 1399 1125 virtu-

228 1193 306 1263 tum
322 1184 536 1261 illuminatio
555 1184 738 1280 clarificat,
759 1183 1004 1284 proximorum
1019 1183 1078 1285 pia
1093 1206 1177 1260 cura
1196 1191 1230 1261 et
1249 1191 1398 1284 paterna

227 1318 370 1398 dilectio
386 1316 686 1395 commendat»
802 1373 806 1377 -
1330 1396 1333 1401 ,

282 1453 308 1526 E
332 1451 461 1529 saeeulo
483 1467 551 1526 v111
569 1448 770 1549 colligimus
791 1447 993 1528 testimonia
1019 1450 1154 1526 Alcuini
1179 1446 1396 1551 (lat-804),
1438 1433 1440 1436 Α

230 1584 392 1661 llhahani
419 1582 531 1659 Mauri
556 1576 774 1680 (tto-856),
800 1606 841 1658 ac
864 1581 965 1658 Pauli
993 1583 1138 1660 Diaconi
1172 1580 1393 1682 (740-801).

227 1719 392 1797 Boetium
408 1716 571 1816 sequitur
586 1716 758 1793 Alcuinus
778 1740 852 1792 non
872 1717 988 1792 solum
1007 1716 1045 1793 in
1065 1716 1287 1820 philosophia
1304 1726 1397 1796 trao-

226 1851 349 1951 tanda,
374 1875 498 1928 verum
521 1850 638 1930 etiam,
655 1848 690 1924 in
720 1848 931 1950 exponendo
957 1849 1190 1927 sanctissimae
1216 1850 1397 1928 Trinitatis

227 1986 412 2087 mysterio,
428 1982 526 2060 haud
541 1983 651 2059 semel
667 1983 712 2059 ad
730 1982 842 2060 Boetii
863 1983 1077 2084 theologiam
1092 1984 1234 2060 alludit'
1245 1988 1396 2062 hemum

226 2119 367 2198 disertis
400 2117 517 2195 verbis
555 2116 716 2194 Boetium
750 2116 954 2216 theologum
986 2117 1112 2193 laudat
1151 2151 1159 2196 :
1202 2157 1217 2188 a
1254 2117 1397 2194 Boetius

226 2276 368 2354 quoque
388 2254 440 2330 vir
461 2251 499 2327 in
519 2250 660 2348 divinis,
681 2274 746 2328 neo
765 2274 838 2354 non
858 2259 892 2328 et
912 2251 950 2326 in
969 2250 1223 2351 philosophicis
1242 2250 1397 2330 volumi-

226 2387 332 2463 nibus
347 2385 518 2485 eruditus,
534 2384 571 2459 in
589 2384 694 2462 Libro
709 2408 816 2485 quern
832 2385 876 2460 de
890 2383 1031 2461 Unitate
1047 2383 1255 2461 substantiae
1269 2383 1395 2483 Patris,

226 2519 319 2615 Filii,
337 2519 490 2619 Spiritus
509 2518 623 2612 sancti
648 2519 706 2617 (de
727 2518 910 2614 Trinitate)
932 2517 1153 2620 conscripsit,
1174 2517 1342 2620 praelatos
1357 2516 1395 2605 in

225 2653 407 2732 catholicae
420 2652 640 2753 fideivregula
655 2653 827 2731 imitando
842 2653 950 2754 viros,
967 2648 1181 2730 testatur...²
1199 2687 1215 2720 »
1263 2682 1266 2687 ·
1384 2727 1388 2734 .

279 2786 439 2887 Elogium
454 2786 565 2863 Boetii
581 2810 623 2863 er
638 2786 759 2864 codice
774 2786 906 2886 Barthi,
922 2793 1068 2864 auctore
1087 2786 1273 2887 Rhahano,
1289 2785 1396 2863 relert

225 2917 385 3022 Peiperl,
401 2919 497 3020 quod
512 2918 659 3020 quidem
675 2919 723 2996 ita
739 2926 864 2996 sonat:

384 3195 461 3260 Crux
476 3194 584 3260 Christi
599 3197 734 3277 sequitur
747 3197 785 3259 de
799 3216 915 3259 summo
931 3206 1085 3261 stemmate
1099 3205 1200 3260 natum
1217 3218 1224 3260 :

443 3302 585 3365 Exsilium
600 3303 718 3382 meruit,
738 3304 809 3366 dum
824 3304 889 3379 tihi,
905 3303 1011 3380 Gothe,
1027 3306 1133 3386 placet.

384 3409 421 3471 llt
434 3409 548 3472 Christo
563 3411 682 3491 placuit,
700 3431 766 3473 cum
781 3430 839 3472 non
855 3411 918 3488 tihi,
935 3411 1039 3488 Gotho,
1055 3413 1194 3493 placeret,

443 3515 479 3580 Et
493 3516 600 3577 meruit
614 3515 701 3577 vitam
720 3525 952 3598 perpetuamque
966 3518 1114 3598 sophus...

275 3803 344 3879 Pro
367 3802 441 3879 fide
460 3801 653 3878 christiana
676 3800 788 3879 Boetii
813 3801 905 3879 valet
929 3801 1030 3878 Pauli
1055 3801 1204 3880 Diaconi
1227 3784 1392 3882 testimo-

221 3935 354 4011 nium:
382 3968 399 4001 α
426 3933 665 4011 Theudoricus
684 3959 757 4032 rer,
778 3934 876 4013 rabie
899 3934 1113 4033 stimulatus,
1137 3938 1393 4038 Symmachum

255 4313 264 4349 ¹
286 4313 397 4364 Scholia
421 4314 451 4362 ia
477 4313 532 4364 Lib.
556 4312 644 4362 Raetii
665 4313 698 4361 de
728 4312 834 4377 Triaria,
861 4313 928 4381 apud
958 4313 1065 4375 Bedam,
1092 4313 1159 4367 Edit.
1189 4315 1289 4376 Goion,
1319 4315 1392 4380 1612,

220 4399 284 4445 tom.
301 4397 365 4457 VIII,
378 4398 428 4446 col.
442 4396 497 4446 926.

252 4473 265 4504 ¹
290 4472 387 4536 Magne,
399 4479 463 4524 torn.
477 4475 519 4533 CI,
532 4475 581 4524 col.
594 4474 633 4526 76.

255 4554 267 4587 ¹
286 4553 404 4618 Introd,
418 4569 444 4618 p.
457 4554 570 4606 XXXIX.
