<?xml version="1.0" encoding="UTF-8"?>
<!DOCTYPE html PUBLIC "-//W3C//DTD XHTML 1.0 Transitional//EN"
    "http://www.w3.org/TR/xhtml1/DTD/xhtml1-transitional.dtd">
<html xmlns="http://www.w3.org/1999/xhtml" xml:lang="en" lang="en">
 <head>
  <title>
</title>
<meta http-equiv="Content-Type" content="text/html;charset=utf-8" />
  <meta name='ocr-system' content='tesseract 3.04.00' />
  <meta name='ocr-capabilities' content='ocr_page ocr_carea ocr_par ocr_line ocrx_word'/>
</head>
<body>
  <div class='ocr_page' id='page_1' title='image "./deamseverinoboe00bourgoog_0199.png"; bbox 0 0 3240 5468; ppageno 0'>
   <div class='ocr_carea' id='block_1_1' title="bbox 760 465 957 536">
    <p class='ocr_par' dir='ltr' id='par_1_1' title="bbox 760 465 957 536">
     <span class='ocr_line' id='line_1_1' title="bbox 760 465 957 536; baseline 0 -21"><span class='ocrx_word' id='word_1_1' title='bbox 760 465 957 536; x_wconf 68' lang='lat'>..134-</span> 
     </span>
    </p>
   </div>
   <div class='ocr_carea' id='block_1_2' title="bbox 268 654 1457 4359">
    <p class='ocr_par' dir='ltr' id='par_1_2' title="bbox 268 654 1457 4359">
     <span class='ocr_line' id='line_1_2' title="bbox 275 654 1448 762; baseline -0.006 -17"><span class='ocrx_word' id='word_1_2' title='bbox 275 669 368 744; x_wconf 88' lang='lat' dir='ltr'><strong>chen</strong></span> <span class='ocrx_word' id='word_1_3' title='bbox 391 691 412 740; x_wconf 92' lang='lat' dir='ltr'><strong>a</strong></span> <span class='ocrx_word' id='word_1_4' title='bbox 434 662 558 740; x_wconf 90' lang='lat' dir='ltr'><strong>Boetio</strong></span> <span class='ocrx_word' id='word_1_5' title='bbox 577 661 670 760; x_wconf 89' lang='lat' dir='ltr'><strong>ipso,</strong></span> <span class='ocrx_word' id='word_1_6' title='bbox 695 656 757 756; x_wconf 91' lang='lat' dir='ltr'><strong>qni</strong></span> <span class='ocrx_word' id='word_1_7' title='bbox 778 655 824 729; x_wconf 84' lang='lat' dir='ltr'><strong>ad</strong></span> <span class='ocrx_word' id='word_1_8' title='bbox 847 678 953 730; x_wconf 91' lang='lat' dir='ltr'><strong>suum</strong></span> <span class='ocrx_word' id='word_1_9' title='bbox 973 654 1105 732; x_wconf 89' lang='lat' dir='ltr'><strong>librum</strong></span> <span class='ocrx_word' id='word_1_10' title='bbox 1128 659 1354 736; x_wconf 87' lang='lat' dir='ltr'><strong>exarandum</strong></span> <span class='ocrx_word' id='word_1_11' title='bbox 1376 685 1448 762; x_wconf 87' lang='lat' dir='ltr'><strong>prae</strong></span> 
     </span>
     <span class='ocr_line' id='line_1_3' title="bbox 274 786 1450 891; baseline -0.003 -15"><span class='ocrx_word' id='word_1_12' title='bbox 274 799 387 877; x_wconf 90' lang='lat' dir='ltr'><strong>oculis</strong></span> <span class='ocrx_word' id='word_1_13' title='bbox 401 796 537 888; x_wconf 89' lang='lat' dir='ltr'><strong>habuit,</strong></span> <span class='ocrx_word' id='word_1_14' title='bbox 551 803 625 869; x_wconf 92' lang='lat' dir='ltr'><strong>tum</strong></span> <span class='ocrx_word' id='word_1_15' title='bbox 641 791 735 866; x_wconf 87' lang='lat' dir='ltr'><strong>hanc</strong></span> <span class='ocrx_word' id='word_1_16' title='bbox 749 786 958 889; x_wconf 82' lang='lat' dir='ltr'><strong>Epistulam,</strong></span> <span class='ocrx_word' id='word_1_17' title='bbox 969 795 1048 864; x_wconf 89' lang='lat' dir='ltr'><strong>turn</strong></span> <span class='ocrx_word' id='word_1_18' title='bbox 1063 790 1261 891; x_wconf 85' lang='lat' dir='ltr'><strong>Epistulam</strong></span> <span class='ocrx_word' id='word_1_19' title='bbox 1273 795 1308 873; x_wconf 91' lang='lat' dir='ltr'><strong>S.</strong></span> <span class='ocrx_word' id='word_1_20' title='bbox 1322 796 1450 872; x_wconf 85' lang='lat' dir='ltr'><strong>Leonis</strong></span> 
     </span>
     <span class='ocr_line' id='line_1_4' title="bbox 274 920 1451 1028; baseline -0.002 -20"><span class='ocrx_word' id='word_1_21' title='bbox 274 932 320 1008; x_wconf 91' lang='lat' dir='ltr'><strong>ad</strong></span> <span class='ocrx_word' id='word_1_22' title='bbox 335 929 558 1005; x_wconf 85' lang='lat' dir='ltr'><strong>Flavianum.</strong></span> <span class='ocrx_word' id='word_1_23' title='bbox 570 924 662 1013; x_wconf 83' lang='lat' dir='ltr'><strong>Quid</strong></span> <span class='ocrx_word' id='word_1_24' title='bbox 678 947 699 997; x_wconf 89' lang='lat' dir='ltr'><strong>a</strong></span> <span class='ocrx_word' id='word_1_25' title='bbox 715 920 894 998; x_wconf 87' lang='lat' dir='ltr'><strong>llitzschio</strong></span> <span class='ocrx_word' id='word_1_26' title='bbox 910 923 1105 1022; x_wconf 90' lang='lat' dir='ltr'><strong>opponitur</strong></span> <span class='ocrx_word' id='word_1_27' title='bbox 1117 923 1174 1000; x_wconf 88' lang='lat' dir='ltr'><strong>his</strong></span> <span class='ocrx_word' id='word_1_28' title='bbox 1188 933 1260 1001; x_wconf 89' lang='lat' dir='ltr'><strong>tam</strong></span> <span class='ocrx_word' id='word_1_29' title='bbox 1272 930 1451 1028; x_wconf 82' lang='lat' dir='ltr'>expressis</span> 
     </span>
     <span class='ocr_line' id='line_1_5' title="bbox 275 1055 1452 1152; baseline 0.001 -12"><span class='ocrx_word' id='word_1_30' title='bbox 275 1062 459 1140; x_wconf 87' lang='lat' dir='ltr'><strong>Binomari</strong></span> <span class='ocrx_word' id='word_1_31' title='bbox 474 1059 617 1136; x_wconf 79' lang='lat' dir='ltr'><strong>verbis?</strong></span> <span class='ocrx_word' id='word_1_32' title='bbox 637 1091 652 1121; x_wconf 71' lang='grc' dir='ltr'>ι</span> <span class='ocrx_word' id='word_1_33' title='bbox 673 1057 717 1131; x_wconf 87' lang='lat' dir='ltr'><strong>Bt</strong></span> <span class='ocrx_word' id='word_1_34' title='bbox 731 1055 876 1131; x_wconf 84' lang='lat' dir='ltr'><strong>Boetius</strong></span> <span class='ocrx_word' id='word_1_35' title='bbox 891 1056 930 1130; x_wconf 82' lang='lat' dir='ltr'><strong>icc</strong></span> <span class='ocrx_word' id='word_1_36' title='bbox 944 1058 1051 1132; x_wconf 81' lang='lat' dir='ltr'><strong>Libro</strong></span> <span class='ocrx_word' id='word_1_37' title='bbox 1066 1061 1112 1133; x_wconf 88' lang='lat' dir='ltr'><strong>ad</strong></span> <span class='ocrx_word' id='word_1_38' title='bbox 1125 1061 1314 1152; x_wconf 75' lang='lat' dir='ltr'><strong>loannem,</strong></span> <span class='ocrx_word' id='word_1_39' title='bbox 1329 1064 1452 1141; x_wconf 75' lang='lat' dir='ltr'><strong>diaeo</strong></span> 
     </span>
     <span class='ocr_line' id='line_1_6' title="bbox 275 1188 1451 1294; baseline 0 -20"><span class='ocrx_word' id='word_1_40' title='bbox 275 1223 362 1274; x_wconf 91' lang='lat' dir='ltr'><strong>num</strong></span> <span class='ocrx_word' id='word_1_41' title='bbox 394 1217 598 1288; x_wconf 81' lang='lat' dir='ltr'><strong>romanum,</strong></span> <span class='ocrx_word' id='word_1_42' title='bbox 629 1195 755 1292; x_wconf 89' lang='lat' dir='ltr'><strong>postea</strong></span> <span class='ocrx_word' id='word_1_43' title='bbox 780 1195 900 1264; x_wconf 89' lang='lat' dir='ltr'><strong>autern</strong></span> <span class='ocrx_word' id='word_1_44' title='bbox 929 1189 1156 1293; x_wconf 88' lang='lat' dir='ltr'><strong>episcopum,</strong></span> <span class='ocrx_word' id='word_1_45' title='bbox 1181 1218 1289 1294; x_wconf 91' lang='lat' dir='ltr'><strong>quem</strong></span> <span class='ocrx_word' id='word_1_46' title='bbox 1317 1188 1451 1274; x_wconf 83' lang='lat' dir='ltr'><strong>Beatus</strong></span> 
     </span>
     <span class='ocr_line' id='line_1_7' title="bbox 276 1303 1451 1432; baseline 0 -25"><span class='ocrx_word' id='word_1_47' title='bbox 276 1330 465 1430; x_wconf 81' lang='lat' dir='ltr'><strong>Gregorius</strong></span> <span class='ocrx_word' id='word_1_48' title='bbox 480 1328 516 1402; x_wconf 93' lang='lat' dir='ltr'><strong>in</strong></span> <span class='ocrx_word' id='word_1_49' title='bbox 533 1327 626 1402; x_wconf 92' lang='lat' dir='ltr'><strong>libro</strong></span> <span class='ocrx_word' id='word_1_50' title='bbox 640 1321 868 1422; x_wconf 84' lang='lat' dir='ltr'><strong>Dialogornm</strong></span> <span class='ocrx_word' id='word_1_51' title='bbox 880 1303 1127 1423; x_wconf 77' lang='lat' dir='ltr'><strong>persecutione</strong></span> <span class='ocrx_word' id='word_1_52' title='bbox 1138 1327 1347 1407; x_wconf 88' lang='lat' dir='ltr'><strong>Theudorici</strong></span> <span class='ocrx_word' id='word_1_53' title='bbox 1359 1332 1451 1432; x_wconf 81' lang='lat' dir='ltr'><strong>regis</strong></span> 
     </span>
     <span class='ocr_line' id='line_1_8' title="bbox 275 1453 1450 1559; baseline 0 -21"><span class='ocrx_word' id='word_1_54' title='bbox 275 1461 395 1539; x_wconf 75' lang='lat' dir='ltr'><strong>Ariani</strong></span> <span class='ocrx_word' id='word_1_55' title='bbox 418 1458 589 1559; x_wconf 89' lang='lat' dir='ltr'><strong>martyrio</strong></span> <span class='ocrx_word' id='word_1_56' title='bbox 611 1456 849 1558; x_wconf 84' lang='lat' dir='ltr'><strong>glorificatum</strong></span> <span class='ocrx_word' id='word_1_57' title='bbox 868 1453 1013 1553; x_wconf 84' lang='lat' dir='ltr'><strong>fatetur,</strong></span> <span class='ocrx_word' id='word_1_58' title='bbox 1034 1456 1158 1534; x_wconf 90' lang='lat' dir='ltr'><strong>dicit...</strong></span> <span class='ocrx_word' id='word_1_59' title='bbox 1175 1467 1241 1536; x_wconf 89' lang='lat' dir='ltr'><strong>etc.</strong></span> <span class='ocrx_word' id='word_1_60' title='bbox 1263 1496 1280 1528; x_wconf 66' lang='grc' dir='ltr'>ι</span> <span class='ocrx_word' id='word_1_61' title='bbox 1302 1461 1450 1540; x_wconf 78' lang='lat' dir='ltr'><strong>Etiamsi</strong></span> 
     </span>
     <span class='ocr_line' id='line_1_9' title="bbox 271 1587 1451 1699; baseline -0.002 -26"><span class='ocrx_word' id='word_1_62' title='bbox 271 1599 346 1699; x_wconf 85' lang='lat' dir='ltr'><strong>jam</strong></span> <span class='ocrx_word' id='word_1_63' title='bbox 365 1597 401 1672; x_wconf 92' lang='lat' dir='ltr'><strong>in</strong></span> <span class='ocrx_word' id='word_1_64' title='bbox 423 1593 569 1670; x_wconf 75' lang='lat' dir='ltr'><strong>Oriente</strong></span> <span class='ocrx_word' id='word_1_65' title='bbox 591 1591 742 1691; x_wconf 83' lang='lat' dir='ltr'><strong>viguerit</strong></span> <span class='ocrx_word' id='word_1_66' title='bbox 755 1587 910 1666; x_wconf 80' lang='lat' dir='ltr'><strong>formula</strong></span> <span class='ocrx_word' id='word_1_67' title='bbox 925 1589 965 1663; x_wconf 83' lang='lat' dir='ltr'><strong>iu</strong></span> <span class='ocrx_word' id='word_1_68' title='bbox 979 1597 1014 1666; x_wconf 92' lang='lat' dir='ltr'><strong>et</strong></span> <span class='ocrx_word' id='word_1_69' title='bbox 1029 1616 1080 1688; x_wconf 82' lang='lat' dir='ltr'><strong>ee,</strong></span> <span class='ocrx_word' id='word_1_70' title='bbox 1100 1598 1135 1667; x_wconf 91' lang='lat' dir='ltr'><strong>et</strong></span> <span class='ocrx_word' id='word_1_71' title='bbox 1146 1592 1194 1667; x_wconf 90' lang='lat' dir='ltr'><strong>ibi</strong></span> <span class='ocrx_word' id='word_1_72' title='bbox 1211 1593 1309 1694; x_wconf 91' lang='lat' dir='ltr'><strong>apud</strong></span> <span class='ocrx_word' id='word_1_73' title='bbox 1325 1619 1451 1674; x_wconf 90' lang='lat' dir='ltr'><strong>ornnes</strong></span> 
     </span>
     <span class='ocr_line' id='line_1_10' title="bbox 273 1722 1451 1827; baseline -0.001 -23"><span class='ocrx_word' id='word_1_74' title='bbox 273 1727 455 1827; x_wconf 83' lang='lat' dir='ltr'><strong>divulgata</strong></span> <span class='ocrx_word' id='word_1_75' title='bbox 470 1726 589 1824; x_wconf 87' lang='lat' dir='ltr'><strong>fuerit,</strong></span> <span class='ocrx_word' id='word_1_76' title='bbox 606 1733 701 1801; x_wconf 89' lang='lat' dir='ltr'><strong>recte</strong></span> <span class='ocrx_word' id='word_1_77' title='bbox 716 1722 832 1824; x_wconf 90' lang='lat' dir='ltr'><strong>potnit</strong></span> <span class='ocrx_word' id='word_1_78' title='bbox 846 1744 925 1799; x_wconf 89' lang='lat' dir='ltr'><strong>earn</strong></span> <span class='ocrx_word' id='word_1_79' title='bbox 941 1723 1106 1822; x_wconf 87' lang='lat' dir='ltr'><strong>ignorare</strong></span> <span class='ocrx_word' id='word_1_80' title='bbox 1121 1725 1262 1801; x_wconf 80' lang='lat' dir='ltr'><strong>auditor</strong></span> <span class='ocrx_word' id='word_1_81' title='bbox 1282 1727 1451 1826; x_wconf 79' lang='lat' dir='ltr'><strong>Epistola</strong></span> 
     </span>
     <span class='ocr_line' id='line_1_11' title="bbox 277 1857 1450 1959; baseline -0.002 -21"><span class='ocrx_word' id='word_1_82' title='bbox 277 1861 513 1938; x_wconf 82' lang='lat' dir='ltr'><strong>Orientalium</strong></span> <span class='ocrx_word' id='word_1_83' title='bbox 539 1862 662 1936; x_wconf 70' lang='lat' dir='ltr'><strong>Bomae</strong></span> <span class='ocrx_word' id='word_1_84' title='bbox 692 1857 859 1952; x_wconf 74' lang='lat' dir='ltr'><strong>recitata,</strong></span> <span class='ocrx_word' id='word_1_85' title='bbox 882 1864 917 1932; x_wconf 89' lang='lat' dir='ltr'><strong>et</strong></span> <span class='ocrx_word' id='word_1_86' title='bbox 944 1879 1103 1932; x_wconf 90' lang='lat' dir='ltr'><strong>asserere</strong></span> <span class='ocrx_word' id='word_1_87' title='bbox 1128 1881 1166 1933; x_wconf 81' lang='lat' dir='ltr'><strong>se</strong></span> <span class='ocrx_word' id='word_1_88' title='bbox 1193 1891 1210 1924; x_wconf 74' lang='grc' dir='ltr'>ι</span> <span class='ocrx_word' id='word_1_89' title='bbox 1239 1883 1450 1959; x_wconf 88' lang='lat' dir='ltr'><strong>percussum</strong></span> 
     </span>
     <span class='ocr_line' id='line_1_12' title="bbox 276 1987 1450 2093; baseline -0.002 -21"><span class='ocrx_word' id='word_1_90' title='bbox 276 2020 354 2073; x_wconf 89' lang='lat' dir='ltr'><strong>esse</strong></span> <span class='ocrx_word' id='word_1_91' title='bbox 387 1996 538 2071; x_wconf 82' lang='lat' dir='ltr'><strong>uocitctc</strong></span> <span class='ocrx_word' id='word_1_92' title='bbox 570 1995 672 2093; x_wconf 88' lang='lat' dir='ltr'><strong>eujus</strong></span> <span class='ocrx_word' id='word_1_93' title='bbox 704 1990 801 2067; x_wconf 91' lang='lat' dir='ltr'><strong>dicti.</strong></span> <span class='ocrx_word' id='word_1_94' title='bbox 837 2021 853 2056; x_wconf 69' lang='lat' dir='ltr'><strong>o</strong></span> <span class='ocrx_word' id='word_1_95' title='bbox 887 1987 1110 2065; x_wconf 89' lang='lat' dir='ltr'><strong>Firmissime</strong></span> <span class='ocrx_word' id='word_1_96' title='bbox 1135 1998 1302 2068; x_wconf 88' lang='lat' dir='ltr'><strong>tenemus</strong></span> <span class='ocrx_word' id='word_1_97' title='bbox 1326 2002 1450 2071; x_wconf 90' lang='lat' dir='ltr'><strong>contra</strong></span> 
     </span>
     <span class='ocr_line' id='line_1_13' title="bbox 278 2123 1453 2227; baseline 0.002 -25"><span class='ocrx_word' id='word_1_98' title='bbox 278 2127 500 2202; x_wconf 83' lang='lat' dir='ltr'><strong>Nitzsrhiurn</strong></span> <span class='ocrx_word' id='word_1_99' title='bbox 519 2127 658 2202; x_wconf 82' lang='lat' dir='ltr'><strong>nullum</strong></span> <span class='ocrx_word' id='word_1_100' title='bbox 676 2127 917 2200; x_wconf 80' lang='lat' dir='ltr'><strong>documentum</strong></span> <span class='ocrx_word' id='word_1_101' title='bbox 928 2124 1104 2224; x_wconf 82' lang='lat' dir='ltr'><strong>pullicum</strong></span> <span class='ocrx_word' id='word_1_102' title='bbox 1119 2123 1242 2223; x_wconf 82' lang='lat' dir='ltr'><strong>efferri</strong></span> <span class='ocrx_word' id='word_1_103' title='bbox 1250 2151 1353 2227; x_wconf 84' lang='lat' dir='ltr'><strong>posse</strong></span> <span class='ocrx_word' id='word_1_104' title='bbox 1373 2145 1453 2205; x_wconf 83' lang='lat' dir='ltr'><strong>autc</strong></span> 
     </span>
     <span class='ocr_line' id='line_1_14' title="bbox 278 2252 1451 2358; baseline -0.001 -24"><span class='ocrx_word' id='word_1_105' title='bbox 278 2284 413 2334; x_wconf 81' lang='lat' dir='ltr'><strong>aunum</strong></span> <span class='ocrx_word' id='word_1_106' title='bbox 440 2254 514 2336; x_wconf 83' lang='lat'><strong>511</strong></span> <span class='ocrx_word' id='word_1_107' title='bbox 541 2259 593 2334; x_wconf 86' lang='lat' dir='ltr'><strong>cel</strong></span> <span class='ocrx_word' id='word_1_108' title='bbox 618 2252 715 2346; x_wconf 82' lang='lat'><strong>513,</strong></span> <span class='ocrx_word' id='word_1_109' title='bbox 741 2259 830 2358; x_wconf 81' lang='lat' dir='ltr'><strong>quod</strong></span> <span class='ocrx_word' id='word_1_110' title='bbox 849 2259 936 2332; x_wconf 84' lang='lat' dir='ltr'><strong>dues</strong></span> <span class='ocrx_word' id='word_1_111' title='bbox 956 2255 1148 2357; x_wconf 79' lang='lat' dir='ltr'><strong>porticulus</strong></span> <span class='ocrx_word' id='word_1_112' title='bbox 1172 2272 1209 2332; x_wconf 80' lang='lat' dir='ltr'><strong>m</strong></span> <span class='ocrx_word' id='word_1_113' title='bbox 1233 2263 1268 2332; x_wconf 89' lang='lat' dir='ltr'><strong>et</strong></span> <span class='ocrx_word' id='word_1_114' title='bbox 1291 2274 1342 2333; x_wconf 76' lang='lat' dir='ltr'><strong>Ex</strong></span> <span class='ocrx_word' id='word_1_115' title='bbox 1368 2283 1451 2333; x_wconf 79' lang='lat' dir='ltr'><strong>cocc-</strong></span> 
     </span>
     <span class='ocr_line' id='line_1_15' title="bbox 268 2383 1453 2492; baseline 0 -24"><span class='ocrx_word' id='word_1_116' title='bbox 268 2397 413 2492; x_wconf 84' lang='lat' dir='ltr'><strong>jcmctes</strong></span> <span class='ocrx_word' id='word_1_117' title='bbox 438 2394 620 2469; x_wconf 67' lang='lat' dir='ltr'><strong>contuear.</strong></span> <span class='ocrx_word' id='word_1_118' title='bbox 647 2396 738 2492; x_wconf 84' lang='lat' dir='ltr'><strong>Ergo</strong></span> <span class='ocrx_word' id='word_1_119' title='bbox 761 2390 905 2467; x_wconf 88' lang='lat' dir='ltr'><strong>Boetius</strong></span> <span class='ocrx_word' id='word_1_120' title='bbox 929 2391 1022 2466; x_wconf 89' lang='lat' dir='ltr'><strong>hanc</strong></span> <span class='ocrx_word' id='word_1_121' title='bbox 1051 2383 1345 2488; x_wconf 79' lang='lat' dir='ltr'><strong>conjunctionem</strong></span> <span class='ocrx_word' id='word_1_122' title='bbox 1370 2415 1453 2468; x_wconf 85' lang='lat' dir='ltr'><strong>eum</strong></span> 
     </span>
     <span class='ocr_line' id='line_1_16' title="bbox 278 2521 1450 2628; baseline -0.002 -27"><span class='ocrx_word' id='word_1_123' title='bbox 278 2527 435 2628; x_wconf 89' lang='lat' dir='ltr'><strong>primurn</strong></span> <span class='ocrx_word' id='word_1_124' title='bbox 462 2527 614 2603; x_wconf 84' lang='lat' dir='ltr'><strong>audierit</strong></span> <span class='ocrx_word' id='word_1_125' title='bbox 637 2534 729 2602; x_wconf 87' lang='lat' dir='ltr'><strong>reete</strong></span> <span class='ocrx_word' id='word_1_126' title='bbox 753 2548 794 2601; x_wconf 88' lang='lat' dir='ltr'><strong>ac</strong></span> <span class='ocrx_word' id='word_1_127' title='bbox 818 2523 945 2599; x_wconf 89' lang='lat' dir='ltr'><strong>merito</strong></span> <span class='ocrx_word' id='word_1_128' title='bbox 964 2531 1005 2596; x_wconf 93' lang='lat' dir='ltr'><strong>ut</strong></span> <span class='ocrx_word' id='word_1_129' title='bbox 1028 2544 1154 2596; x_wconf 84' lang='lat' dir='ltr'><strong>novom</strong></span> <span class='ocrx_word' id='word_1_130' title='bbox 1177 2521 1299 2597; x_wconf 90' lang='lat' dir='ltr'><strong>mirari</strong></span> <span class='ocrx_word' id='word_1_131' title='bbox 1324 2524 1450 2622; x_wconf 91' lang='lat' dir='ltr'><strong>potuit.</strong></span> 
     </span>
     <span class='ocr_line' id='line_1_17' title="bbox 280 2654 1453 2759; baseline 0 -27"><span class='ocrx_word' id='word_1_132' title='bbox 280 2660 384 2745; x_wconf 83' lang='lat' dir='ltr'><strong>Quod</strong></span> <span class='ocrx_word' id='word_1_133' title='bbox 408 2660 550 2734; x_wconf 86' lang='lat' dir='ltr'><strong>Boetius</strong></span> <span class='ocrx_word' id='word_1_134' title='bbox 575 2659 710 2759; x_wconf 84' lang='lat' dir='ltr'><strong>aliquid</strong></span> <span class='ocrx_word' id='word_1_135' title='bbox 734 2657 990 2734; x_wconf 84' lang='lat' dir='ltr'><strong>contumeliose</strong></span> <span class='ocrx_word' id='word_1_136' title='bbox 1018 2661 1142 2732; x_wconf 89' lang='lat' dir='ltr'><strong>contra</strong></span> <span class='ocrx_word' id='word_1_137' title='bbox 1166 2654 1391 2732; x_wconf 76' lang='lat' dir='ltr'><strong>Aristotelem</strong></span> <span class='ocrx_word' id='word_1_138' title='bbox 1412 2680 1453 2733; x_wconf 87' lang='lat' dir='ltr'><strong>ae</strong></span> 
     </span>
     <span class='ocr_line' id='line_1_18' title="bbox 280 2789 1453 2890; baseline 0.003 -26"><span class='ocrx_word' id='word_1_139' title='bbox 280 2789 513 2890; x_wconf 86' lang='lat' dir='ltr'><strong>philosophus</strong></span> <span class='ocrx_word' id='word_1_140' title='bbox 528 2791 656 2868; x_wconf 87' lang='lat' dir='ltr'><strong>dixerit</strong></span> <span class='ocrx_word' id='word_1_141' title='bbox 671 2792 709 2867; x_wconf 92' lang='lat' dir='ltr'><strong>in</strong></span> <span class='ocrx_word' id='word_1_142' title='bbox 724 2792 792 2866; x_wconf 91' lang='lat' dir='ltr'><strong>huo</strong></span> <span class='ocrx_word' id='word_1_143' title='bbox 809 2789 914 2865; x_wconf 92' lang='lat' dir='ltr'><strong>Libro</strong></span> <span class='ocrx_word' id='word_1_144' title='bbox 928 2791 969 2865; x_wconf 89' lang='lat' dir='ltr'><strong>de</strong></span> <span class='ocrx_word' id='word_1_145' title='bbox 985 2794 1142 2866; x_wconf 81' lang='lat' dir='ltr'><strong>Persona</strong></span> <span class='ocrx_word' id='word_1_146' title='bbox 1160 2797 1195 2866; x_wconf 91' lang='lat' dir='ltr'><strong>et</strong></span> <span class='ocrx_word' id='word_1_147' title='bbox 1214 2790 1361 2866; x_wconf 83' lang='lat' dir='ltr'><strong>Natura</strong></span> <span class='ocrx_word' id='word_1_148' title='bbox 1381 2817 1453 2868; x_wconf 92' lang='lat' dir='ltr'><strong>nou</strong></span> 
     </span>
     <span class='ocr_line' id='line_1_19' title="bbox 278 2921 1453 3024; baseline 0.003 -28"><span class='ocrx_word' id='word_1_149' title='bbox 278 2921 381 2997; x_wconf 89' lang='lat' dir='ltr'><strong>lacile</strong></span> <span class='ocrx_word' id='word_1_150' title='bbox 420 2923 640 3024; x_wconf 85' lang='lat' dir='ltr'><strong>perspicitur.</strong></span> <span class='ocrx_word' id='word_1_151' title='bbox 674 2924 758 2999; x_wconf 88' lang='lat' dir='ltr'><strong>Haec</strong></span> <span class='ocrx_word' id='word_1_152' title='bbox 791 2930 873 2998; x_wconf 91' lang='lat' dir='ltr'><strong>sunt</strong></span> <span class='ocrx_word' id='word_1_153' title='bbox 906 2924 1014 3000; x_wconf 87' lang='lat' dir='ltr'><strong>rerba</strong></span> <span class='ocrx_word' id='word_1_154' title='bbox 1044 2923 1155 3000; x_wconf 89' lang='lat' dir='ltr'><strong>Boetii</strong></span> <span class='ocrx_word' id='word_1_155' title='bbox 1194 2952 1203 2997; x_wconf 90' lang='lat'>:</span> <span class='ocrx_word' id='word_1_156' title='bbox 1241 2953 1255 2986; x_wconf 71' lang='grc' dir='ltr'><strong>α</strong></span> <span class='ocrx_word' id='word_1_157' title='bbox 1290 2925 1390 3024; x_wconf 89' lang='lat' dir='ltr'><strong>qnod</strong></span> <span class='ocrx_word' id='word_1_158' title='bbox 1424 2926 1453 3000; x_wconf 93' lang='lat' dir='ltr'><strong>si</strong></span> 
     </span>
     <span class='ocr_line' id='line_1_20' title="bbox 280 3056 1455 3159; baseline 0.004 -30"><span class='ocrx_word' id='word_1_159' title='bbox 280 3064 419 3130; x_wconf 89' lang='lat' dir='ltr'><strong>naturae</strong></span> <span class='ocrx_word' id='word_1_160' title='bbox 444 3081 586 3151; x_wconf 86' lang='lat' dir='ltr'><strong>nornen,</strong></span> <span class='ocrx_word' id='word_1_161' title='bbox 612 3057 744 3134; x_wconf 89' lang='lat' dir='ltr'><strong>relictis</strong></span> <span class='ocrx_word' id='word_1_162' title='bbox 766 3056 989 3157; x_wconf 83' lang='lat' dir='ltr'><strong>incorporeis</strong></span> <span class='ocrx_word' id='word_1_163' title='bbox 1011 3056 1236 3152; x_wconf 89' lang='lat' dir='ltr'><strong>substantiis,</strong></span> <span class='ocrx_word' id='word_1_164' title='bbox 1257 3057 1303 3132; x_wconf 90' lang='lat' dir='ltr'><strong>ad</strong></span> <span class='ocrx_word' id='word_1_165' title='bbox 1321 3081 1455 3159; x_wconf 81' lang='lat' dir='ltr'><strong>corpo-</strong></span> 
     </span>
     <span class='ocr_line' id='line_1_21' title="bbox 282 3189 1454 3291; baseline 0.003 -27"><span class='ocrx_word' id='word_1_166' title='bbox 282 3189 374 3266; x_wconf 90' lang='lat' dir='ltr'><strong>rales</strong></span> <span class='ocrx_word' id='word_1_167' title='bbox 404 3216 517 3289; x_wconf 85' lang='lat' dir='ltr'><strong>usque</strong></span> <span class='ocrx_word' id='word_1_168' title='bbox 540 3192 773 3290; x_wconf 88' lang='lat' dir='ltr'><strong>contrahitur,</strong></span> <span class='ocrx_word' id='word_1_169' title='bbox 799 3200 837 3267; x_wconf 91' lang='lat' dir='ltr'><strong>ut</strong></span> <span class='ocrx_word' id='word_1_170' title='bbox 866 3216 1046 3291; x_wconf 78' lang='lat' dir='ltr'><strong>corporum</strong></span> <span class='ocrx_word' id='word_1_171' title='bbox 1074 3198 1215 3267; x_wconf 91' lang='lat' dir='ltr'><strong>tantum</strong></span> <span class='ocrx_word' id='word_1_172' title='bbox 1243 3191 1454 3267; x_wconf 89' lang='lat' dir='ltr'><strong>substantiae</strong></span> 
     </span>
     <span class='ocr_line' id='line_1_22' title="bbox 281 3324 1455 3424; baseline 0.005 -28"><span class='ocrx_word' id='word_1_173' title='bbox 281 3329 449 3399; x_wconf 89' lang='lat' dir='ltr'><strong>naturam</strong></span> <span class='ocrx_word' id='word_1_174' title='bbox 478 3324 609 3401; x_wconf 86' lang='lat' dir='ltr'><strong>habere</strong></span> <span class='ocrx_word' id='word_1_175' title='bbox 636 3327 841 3422; x_wconf 84' lang='lat' dir='ltr'><strong>videantur,</strong></span> <span class='ocrx_word' id='word_1_176' title='bbox 873 3329 960 3402; x_wconf 84' lang='lat' dir='ltr'><strong>sicut</strong></span> <span class='ocrx_word' id='word_1_177' title='bbox 988 3324 1185 3401; x_wconf 76' lang='lat' dir='ltr'><strong>Aristotcles</strong></span> <span class='ocrx_word' id='word_1_178' title='bbox 1215 3325 1394 3424; x_wconf 82' lang='lat' dir='ltr'><strong>ceterique</strong></span> <span class='ocrx_word' id='word_1_179' title='bbox 1423 3340 1455 3402; x_wconf 89' lang='lat' dir='ltr'><strong>et</strong></span> 
     </span>
     <span class='ocr_line' id='line_1_23' title="bbox 282 3459 1457 3561; baseline 0.004 -31"><span class='ocrx_word' id='word_1_180' title='bbox 282 3459 432 3555; x_wconf 57' lang='lat' dir='ltr'><strong>quadem</strong></span> <span class='ocrx_word' id='word_1_181' title='bbox 456 3473 486 3534; x_wconf 91' lang='lat' dir='ltr'><strong>et</strong></span> <span class='ocrx_word' id='word_1_182' title='bbox 510 3460 719 3538; x_wconf 74' lang='lat' dir='ltr'><strong>cnultdtcodce</strong></span> <span class='ocrx_word' id='word_1_183' title='bbox 737 3461 960 3561; x_wconf 77' lang='lat' dir='ltr'><strong>philosophice</strong></span> <span class='ocrx_word' id='word_1_184' title='bbox 985 3474 1165 3536; x_wconf 81' lang='lat' dir='ltr'><strong>sectatores</strong></span> <span class='ocrx_word' id='word_1_185' title='bbox 1186 3473 1334 3558; x_wconf 80' lang='lat' dir='ltr'><strong>puteat,</strong></span> <span class='ocrx_word' id='word_1_186' title='bbox 1362 3460 1457 3537; x_wconf 54' lang='lat' dir='ltr'><strong>defi-2</strong></span> 
     </span>
     <span class='ocr_line' id='line_1_24' title="bbox 282 3588 1456 3696; baseline 0.004 -30"><span class='ocrx_word' id='word_1_187' title='bbox 282 3589 425 3667; x_wconf 89' lang='lat' dir='ltr'><strong>niemus</strong></span> <span class='ocrx_word' id='word_1_188' title='bbox 440 3588 449 3630; x_wconf 83' lang='lat'>¹</span> <span class='ocrx_word' id='word_1_189' title='bbox 466 3601 532 3671; x_wconf 85' lang='lat' dir='ltr'><strong>etc.</strong></span> <span class='ocrx_word' id='word_1_190' title='bbox 550 3631 568 3667; x_wconf 85' lang='lat'>»</span> <span class='ocrx_word' id='word_1_191' title='bbox 589 3595 679 3680; x_wconf 85' lang='lat' dir='ltr'><strong>Ouid</strong></span> <span class='ocrx_word' id='word_1_192' title='bbox 695 3595 752 3672; x_wconf 92' lang='lat' dir='ltr'><strong>his</strong></span> <span class='ocrx_word' id='word_1_193' title='bbox 767 3595 884 3672; x_wconf 90' lang='lat' dir='ltr'><strong>verbis</strong></span> <span class='ocrx_word' id='word_1_194' title='bbox 898 3597 936 3672; x_wconf 93' lang='lat' dir='ltr'><strong>in</strong></span> <span class='ocrx_word' id='word_1_195' title='bbox 950 3595 1180 3696; x_wconf 89' lang='lat' dir='ltr'><strong>philosophos</strong></span> <span class='ocrx_word' id='word_1_196' title='bbox 1196 3594 1456 3671; x_wconf 88' lang='lat' dir='ltr'><strong>contumeliose</strong></span> 
     </span>
     <span class='ocr_line' id='line_1_25' title="bbox 284 3721 1454 3823; baseline 0 -27"><span class='ocrx_word' id='word_1_197' title='bbox 284 3721 420 3797; x_wconf 89' lang='lat' dir='ltr'><strong>dicturo</strong></span> <span class='ocrx_word' id='word_1_198' title='bbox 451 3723 507 3822; x_wconf 87' lang='lat' dir='ltr'><strong>sit,</strong></span> <span class='ocrx_word' id='word_1_199' title='bbox 532 3724 736 3823; x_wconf 71' lang='lat' dir='ltr'><strong>quaerimus.</strong></span> <span class='ocrx_word' id='word_1_200' title='bbox 763 3731 816 3802; x_wconf 79' lang='lat' dir='ltr'><strong>ln</strong></span> <span class='ocrx_word' id='word_1_201' title='bbox 849 3729 995 3805; x_wconf 90' lang='lat' dir='ltr'><strong>verbum</strong></span> <span class='ocrx_word' id='word_1_202' title='bbox 1033 3759 1047 3791; x_wconf 87' lang='grc'>«</span> <span class='ocrx_word' id='word_1_203' title='bbox 1079 3729 1327 3805; x_wconf 79' lang='lat' dir='ltr'><strong>multimodae?</strong></span> <span class='ocrx_word' id='word_1_204' title='bbox 1358 3762 1377 3796; x_wconf 79' lang='grc'><strong>»</strong></span> <span class='ocrx_word' id='word_1_205' title='bbox 1403 3773 1454 3787; x_wconf 80' lang='grc'><strong>.-</strong></span> 
     </span>
     <span class='ocr_line' id='line_1_26' title="bbox 282 3853 1452 3961; baseline 0.007 -33"><span class='ocrx_word' id='word_1_206' title='bbox 282 3853 376 3928; x_wconf 87' lang='lat' dir='ltr'><strong>llihil</strong></span> <span class='ocrx_word' id='word_1_207' title='bbox 401 3857 634 3953; x_wconf 73' lang='lat' dir='ltr'><strong>contumeliae,</strong></span> <span class='ocrx_word' id='word_1_208' title='bbox 656 3867 695 3932; x_wconf 93' lang='lat' dir='ltr'><strong>ut</strong></span> <span class='ocrx_word' id='word_1_209' title='bbox 716 3884 812 3957; x_wconf 83' lang='lat' dir='ltr'><strong>reor,</strong></span> <span class='ocrx_word' id='word_1_210' title='bbox 836 3863 1018 3938; x_wconf 89' lang='lat' dir='ltr'><strong>continent</strong></span> <span class='ocrx_word' id='word_1_211' title='bbox 1041 3862 1115 3936; x_wconf 87' lang='lat' dir='ltr'><strong>haec</strong></span> <span class='ocrx_word' id='word_1_212' title='bbox 1136 3861 1241 3937; x_wconf 86' lang='lat' dir='ltr'><strong>verba</strong></span> <span class='ocrx_word' id='word_1_213' title='bbox 1262 3860 1422 3961; x_wconf 77' lang='lat' dir='ltr'><strong>Apostoli</strong></span> <span class='ocrx_word' id='word_1_214' title='bbox 1444 3891 1452 3936; x_wconf 94' lang='lat'><strong>:</strong></span> 
     </span>
     <span class='ocr_line' id='line_1_27' title="bbox 281 3984 1453 4095; baseline 0.011 -35"><span class='ocrx_word' id='word_1_215' title='bbox 281 3984 512 4062; x_wconf 89' lang='lat' dir='ltr'><strong>llultifariam</strong></span> <span class='ocrx_word' id='word_1_216' title='bbox 527 3989 710 4090; x_wconf 77' lang='lat' dir='ltr'><strong>multisque</strong></span> <span class='ocrx_word' id='word_1_217' title='bbox 725 3996 832 4069; x_wconf 76' lang='lat' dir='ltr'><strong>modic</strong></span> <span class='ocrx_word' id='word_1_218' title='bbox 844 3995 930 4071; x_wconf 91' lang='lat' dir='ltr'><strong>olim</strong></span> <span class='ocrx_word' id='word_1_219' title='bbox 950 3999 1041 4072; x_wconf 84' lang='lat' dir='ltr'><strong>[leus</strong></span> <span class='ocrx_word' id='word_1_220' title='bbox 1057 3997 1243 4095; x_wconf 85' lang='lat' dir='ltr'><strong>loquens...</strong></span> <span class='ocrx_word' id='word_1_221' title='bbox 1261 4030 1276 4062; x_wconf 70' lang='lat' dir='ltr'><strong>u</strong></span> <span class='ocrx_word' id='word_1_222' title='bbox 1296 3997 1338 4070; x_wconf 92' lang='lat' dir='ltr'><strong>In</strong></span> <span class='ocrx_word' id='word_1_223' title='bbox 1355 4006 1453 4074; x_wconf 90' lang='lat' dir='ltr'><strong>mota</strong></span> 
     </span>
     <span class='ocr_line' id='line_1_28' title="bbox 282 4118 1451 4224; baseline 0.009 -31"><span class='ocrx_word' id='word_1_224' title='bbox 282 4118 479 4217; x_wconf 75' lang='lat' dir='ltr'><strong>quaestione</strong></span> <span class='ocrx_word' id='word_1_225' title='bbox 504 4128 622 4196; x_wconf 91' lang='lat' dir='ltr'><strong>utrum</strong></span> <span class='ocrx_word' id='word_1_226' title='bbox 650 4155 666 4186; x_wconf 70' lang='grc' dir='ltr'><strong><em>α</em></strong></span> <span class='ocrx_word' id='word_1_227' title='bbox 691 4147 868 4224; x_wconf 86' lang='lat' dir='ltr'><strong>corporeae</strong></span> <span class='ocrx_word' id='word_1_228' title='bbox 895 4136 1028 4202; x_wconf 87' lang='lat' dir='ltr'><strong>tentum</strong></span> <span class='ocrx_word' id='word_1_229' title='bbox 1053 4128 1260 4203; x_wconf 88' lang='lat' dir='ltr'><strong>substantiae</strong></span> <span class='ocrx_word' id='word_1_230' title='bbox 1283 4136 1451 4206; x_wconf 88' lang='lat' dir='ltr'><strong>naturam</strong></span> 
     </span>
     <span class='ocr_line' id='line_1_29' title="bbox 281 4250 1452 4359; baseline 0.013 -35"><span class='ocrx_word' id='word_1_231' title='bbox 281 4250 413 4327; x_wconf 83' lang='lat' dir='ltr'><strong>habere</strong></span> <span class='ocrx_word' id='word_1_232' title='bbox 436 4252 633 4353; x_wconf 85' lang='lat' dir='ltr'><strong>videantur,</strong></span> <span class='ocrx_word' id='word_1_233' title='bbox 661 4267 796 4333; x_wconf 86' lang='lat' dir='ltr'><strong>certum</strong></span> <span class='ocrx_word' id='word_1_234' title='bbox 822 4267 876 4333; x_wconf 88' lang='lat' dir='ltr'><strong>est</strong></span> <span class='ocrx_word' id='word_1_235' title='bbox 900 4261 1074 4356; x_wconf 84' lang='lat' dir='ltr'><strong>Boetium‚</strong></span> <span class='ocrx_word' id='word_1_236' title='bbox 1100 4261 1207 4337; x_wconf 85' lang='lat' dir='ltr'><strong>etiam</strong></span> <span class='ocrx_word' id='word_1_237' title='bbox 1231 4269 1267 4336; x_wconf 89' lang='lat' dir='ltr'><strong>ut</strong></span> <span class='ocrx_word' id='word_1_238' title='bbox 1288 4259 1452 4359; x_wconf 91' lang='lat' dir='ltr'><strong>philoso-</strong></span> 
     </span>
    </p>
   </div>
   <div class='ocr_carea' id='block_1_3' title="bbox 284 4456 1451 4482">
    <p class='ocr_par' dir='ltr' id='par_1_3' title="bbox 284 4456 1451 4482">
     <span class='ocr_line' id='line_1_30' title="bbox 284 4456 1451 4482; baseline 0 -14"><span class='ocrx_word' id='word_1_239' title='bbox 284 4456 1451 4482; x_wconf 39' lang='lat' dir='ltr'><em>mm...—</em></span> 
     </span>
    </p>
   </div>
   <div class='ocr_carea' id='block_1_4' title="bbox 318 4551 924 4644">
    <p class='ocr_par' dir='ltr' id='par_1_4' title="bbox 318 4551 924 4644">
     <span class='ocr_line' id='line_1_31' title="bbox 318 4551 924 4644; baseline 0.017 -23"><span class='ocrx_word' id='word_1_240' title='bbox 318 4572 327 4610; x_wconf 81' lang='lat' dir='ltr'><strong>t</strong></span> <span class='ocrx_word' id='word_1_241' title='bbox 348 4571 404 4623; x_wconf 82' lang='lat' dir='ltr'><strong>Lib.</strong></span> <span class='ocrx_word' id='word_1_242' title='bbox 418 4579 489 4625; x_wconf 84' lang='lat' dir='ltr'><strong>cont.</strong></span> <span class='ocrx_word' id='word_1_243' title='bbox 504 4551 633 4640; x_wconf 68' lang='lat' dir='ltr'><strong>Butyclr„</strong></span> <span class='ocrx_word' id='word_1_244' title='bbox 648 4577 817 4644; x_wconf 83' lang='lat' dir='ltr'><strong>c.1,Peiper‚</strong></span> <span class='ocrx_word' id='word_1_245' title='bbox 830 4593 856 4644; x_wconf 86' lang='lat' dir='ltr'><strong>p.</strong></span> <span class='ocrx_word' id='word_1_246' title='bbox 869 4579 924 4631; x_wconf 81' lang='grc'><strong>190.</strong></span> 
     </span>
    </p>
   </div>
   <div class='ocr_carea' id='block_1_5' title="bbox 0 0 1632 5468">
    <p class='ocr_par' dir='ltr' id='par_1_5' title="bbox 0 0 1632 5468">
     <span class='ocr_line' id='line_1_32' title="bbox 0 0 1632 5468; baseline 0 0"><span class='ocrx_word' id='word_1_247' title='bbox 0 0 1632 5468; x_wconf 95' lang='lat' dir='ltr'><strong> </strong></span> 
     </span>
    </p>
   </div>
  </div>
 </body>
</html>
