3240 5468
680 445 858 521 ..73-

185 639 348 733 excolere
370 638 488 734 decet,
511 637 585 716 sive
601 636 647 715 ad
666 634 813 715 inscitias
832 635 968 720 malum
993 614 1257 738 depellendum,
1281 636 1356 716 sive

187 783 226 851 ut
240 797 326 852 vern
340 771 497 849 scientiae
512 770 739 871 acquirendae
753 768 810 846 via
825 768 1049 870 investiganti
1062 777 1193 870 pateat.
1345 774 1348 779 ’

242 942 258 978 ι
289 903 427 982 Animis
455 904 616 980 omniurn
645 903 737 979 inest
771 899 902 1000 ratio¹,
934 902 1026 979 inest
1053 902 1163 980 etiam
1190 903 1352 1002 uolendi,

190 1073 208 1108 2·
240 1035 458 1137 nolendique
499 1034 657 1112 libertas.
692 1036 774 1110 Haec
810 1034 1033 1111 sensibilium
1070 1059 1179 1113 nsum
1218 1036 1355 1136 species

190 1206 208 1241 »
240 1169 471 1265 transcendit,
497 1192 538 1244 ac
562 1167 763 1268 simplicem
786 1166 885 1244 illam
914 1168 1067 1244 formam
1095 1193 1177 1267 quae
1204 1168 1356 1269 singula·
1417 1249 1419 1253 Α

189 1339 207 1375 »
238 1303 337 1381 ribus
352 1303 447 1379 inest
461 1300 650 1379 universali
666 1299 953 1377 consideratione
968 1300 1158 1401 perpendit
1171 1296 1195 1397 ⁹,
1212 1323 1254 1378 oc
1270 1325 1354 1398 uno,

188 1472 206 1507 2·
239 1445 279 1514 ut
304 1436 354 1513 ita
379 1435 496 1511 dicam
520 1433 606 1530 ictu,
627 1441 756 1510 cuneta
778 1431 951 1534 prospicit
966 1429 990 1513 ³.
1014 1434 1066 1509 td
1091 1457 1202 1535 genus
1223 1433 1353 1511 huma-

189 1607 207 1642 »
238 1595 327 1649 num
346 1569 500 1672 pertinet
518 1567 610 1646 ratio
631 1571 731 1665 (nam
748 1568 858 1645 homo
882 1577 936 1645 est
955 1568 1091 1645 animal
1116 1568 1217 1670 bipes
1243 1570 1356 1646 ratio-

188 1740 205 1774 ·
236 1704 359 1801 uale);
386 1726 467 1802 quae
495 1725 570 1778 non
596 1701 704 1778 modo
738 1709 866 1800 suapte
900 1709 1028 1813 natura
1060 1701 1263 1801 proprium,
1292 1702 1356 1779 sed

191 1875 210 1907 »
242 1836 350 1916 etiarn
366 1844 574 1913 caeterarum
590 1835 799 1911 notitiarum
815 1835 972 1933 subjecta
986 1834 1166 1933 cognoscit
1180 1831 1203 1915 ⁴.
1224 1867 1240 1902 a

238 1970 340 2047 Unde
367 1976 490 2046 autem
514 1967 649 2045 oriatur
672 1968 840 2045 humane
864 1965 1012 2044 rationis
1040 1965 1179 2068 lumen,
1211 1967 1280 2044 nisi
1309 1968 1355 2044 ab

184 2127 227 2183 eo
247 2102 309 2205 qui

441 2276 514 2351 Quae
527 2275 597 2354 sint,
615 2293 682 2360 quae
694 2276 816 2352 luerint,
830 2276 1008 2359 veniantque

442 2382 506 2448 Uno
520 2383 629 2447 ruentis
643 2384 738 2448 cernit
751 2384 782 2446 in
795 2383 856 2447 ictu
872 2401 881 2448 r

441 2491 535 2566 Quem
551 2491 620 2574 quia
633 2491 754 2575 respicit
768 2491 866 2555 omnia
879 2492 971 2571 solus,

451 2601 560 2664 Verum
575 2599 671 2681 possis
686 2599 785 2663 dicere
798 2601 888 2664 solem
901 2599 935 2662 ⁵?
1070 2578 1075 2587 ’

182 2840 286 2915 Hunc
304 2835 413 2915 totius
431 2834 516 2914 boni
535 2834 684 2933 fontem,
700 2836 773 2913 veri
794 2834 941 2913 luminis
965 2832 1208 2938 splendorem,
1234 2837 1354 2914 beati-

181 2968 317 3048 tudinis
334 2970 445 3050 finem
462 2969 604 3047 invocat
617 2969 762 3048 Boetius
776 2970 844 3049 hac
865 2970 1056 3072 magnifico
1077 2996 1119 3049 ao
1135 2988 1218 3051 rere
1235 2969 1354 3072 philo-

182 3103 289 3205 phica
309 3127 413 3206 prece
432 3137 441 3182 :

302 3386 358 3464 lla,
375 3385 472 3464 Pater,
489 3393 640 3467 augustam
655 3386 747 3450 menti
763 3389 961 3452 conscendere
977 3389 1093 3467 sedem,

302 3493 344 3556 lla
360 3493 470 3557 fontem
485 3494 612 3558 lustrare
626 3495 712 3573 honi,
730 3496 767 3558 da
781 3497 848 3560 luce
861 3504 994 3578 reperta,

301 3599 335 3663 ln
350 3600 392 3664 'l'e
406 3601 581 3683 conspicuos
595 3602 686 3664 animi
701 3603 829 3683 defigere
843 3603 938 3681 visus,

300 3707 344 3770 'lu
358 3707 477 3789 requies
491 3708 649 3790 tranquilla
663 3709 730 3791 piis,
747 3708 788 3771 Te
804 3728 926 3772 cernere
940 3709 1021 3784 linis,

300 3814 493 3898 Principium,
509 3815 625 3892 lector,
642 3817 716 3894 ltux,
740 3816 860 3896 semita,
878 3817 1034 3880 Terminus
1048 3817 1127 3881 idern
1143 3821 1171 3879 ⁶.

1016 4057 1349 4070 m

215 4172 224 4207 ¹
248 4171 364 4234 Censet,
377 4166 467 4237 liij,
480 4188 519 4238 pr.
533 4171 557 4222 2.

214 4254 226 4286 ²
247 4249 328 4314 mid„
341 4264 380 4315 pr.
397 4253 421 4302 t.

215 4330 227 4364 ³
246 4327 330 4392 ibid„
343 4344 381 4395 pr.
395 4332 420 4382 5.

213 4410 227 4446 ὅ
246 4407 328 4472 leid„
341 4423 380 4475 pr.
394 4411 418 4462 l.

214 4487 228 4526 ⁸
245 4486 328 4553 Iotd„
342 4493 406 4540 met.
422 4490 447 4542 2.

213 4568 226 4609 ⁸
247 4568 364 4636 dccccl..
375 4568 422 4627 lib.
436 4569 481 4637 ΠΙ,
494 4576 557 4626 ruet.
569 4573 595 4626 ί.
