3240 5468
730 411 906 504 -ra-

235 601 470 679 Doctissimus
497 601 656 679 Bosisius
686 603 747 701 qui
775 610 848 678 tam
874 602 1003 678 diserte
1027 601 1072 678 de
1098 601 1221 678 Boetio
1246 615 1406 702 martyre

234 734 271 808 iu
300 735 461 836 papiensi
486 713 635 812 eeclesia
664 733 802 835 sepulto
832 733 998 810 disserit¹
1031 757 1076 809 ne
1102 734 1228 810 alludit
1255 735 1405 833 quidem

234 866 280 943 ad
311 866 454 966 Elpida,
485 867 647 967 quinimo
682 868 881 966 Capsonius
903 862 932 966 ²,
966 867 1146 968 papiensis
1178 866 1405 945 bibliothecae

232 998 435 1098 praefectus,
466 1006 616 1076 testatur
646 1024 684 1077 se
706 1023 825 1099 neque
851 998 1069 1098 sepulcrum,
1100 1022 1215 1099 neque
1243 998 1405 1100 lapidem

233 1129 346 1207 ullum
366 1156 484 1232 neque
502 1133 749 1210 membranam
763 1131 941 1211 invenisse
956 1132 993 1208 in
1013 1130 1100 1207 urhe
1112 1131 1291 1233 Papiansi,
1303 1131 1404 1232 quod

233 1264 361 1342 saltem
379 1265 571 1343 minimum
585 1267 733 1369 Elpidis,
749 1266 861 1345 Bostii
880 1265 1012 1367 uxoris,
1036 1265 1227 1367 uestigium
1241 1264 1403 1342 referret.

232 1398 321 1475 Rem
340 1399 462 1501 itaque
483 1399 522 1475 in
540 1399 658 1479 medio
677 1399 929 1500 relinquentes,
946 1406 1125 1478 assertum
1143 1401 1182 1480 u.
1205 1398 1340 1476 Iudicis
1354 1401 1403 1477 de

232 1529 434 1609 llirandol³
455 1533 630 1634 perfracte
655 1535 885 1636 denegamus,
912 1534 1046 1614 seilicet
1079 1568 1096 1603 α
1127 1557 1169 1611 ex
1199 1534 1267 1612 hoc
1291 1533 1405 1636 priori

232 1665 343 1741 Boetii
358 1667 597 1765 matrimonio,
622 1668 654 1744 si
666 1667 803 1770 liquido
819 1676 1008 1768 constaret,
1022 1670 1170 1745 macinae
1194 1667 1404 1746 confirmari

231 1797 461 1877 christianam
476 1801 589 1879 Boetii
604 1802 878 1903 professionem,
895 1812 929 1880 et
944 1828 963 1881 e
983 1811 1108 1880 contra
1123 1828 1160 1878 eo
1174 1804 1402 1902 fundamento

233 1933 407 2024 conculco,
434 1949 540 2012 totam
564 1962 667 2014 ruere
690 1940 731 2014 de
759 1939 882 2014 Boetia
905 1938 1092 2014 christiano
1121 1937 1285 2036 (adulam.
1307 1968 1324 2002 a
1348 1935 1402 2013 Ne

231 2070 365 2143 temere
392 2092 435 2146 ac
458 2072 635 2146 maturius
663 2072 795 2149 exultet
821 2073 862 2148 D.
893 2071 1040 2168 iudicis,
1070 2093 1155 2147 nam
1185 2070 1215 2147 si
1243 2093 1400 2170 granum

229 2221 343 2276 uuum
358 2200 494 2305 demas,
510 2228 583 2281 nou
597 2205 678 2282 ideo
696 2213 792 2281 totus
807 2205 880 2281 ruit
899 2226 1061 2282 acervus.

282 2333 462 2435 Quidquid
485 2360 569 2437 ergo
596 2338 691 2418 circa
716 2337 842 2437 Elpida
869 2344 1068 2434 asseratur,
1098 2348 1221 2414 manet
1242 2361 1327 2415 vera
1356 2360 1400 2416 aa

227 2475 323 2544 certa
341 2470 519 2547 sententia
542 2471 801 2571 Symmachum
821 2469 1014 2570 patricium
1028 2469 1139 2548 filiam
1159 2494 1261 2548 suam
1278 2472 1399 2547 Rusti-

227 2598 370 2677 cianam
382 2601 505 2679 Boetio
519 2603 558 2679 in
579 2627 724 2679 uxorem
739 2600 961 2679 tradidisse⁴.
975 2603 1077 2689 Quod
1088 2602 1281 2681 christiana
1290 2602 1400 2680 fuerit

226 2740 263 2808 et
290 2732 492 2811 christianis
521 2735 681 2812 moribus
703 2735 840 2812 imbuta
870 2736 1076 2813 Rusticiana
1100 2736 1223 2812 nullus
1260 2736 1399 2814 inficias

224 2862 299 2941 ibit.
319 2866 434 2944 Omne
453 2867 604 2946 dubium
628 2867 757 2945 tollunt
775 2892 854 2969 quae
878 2868 923 2945 de
941 2893 1061 2947 surore
1075 2872 1152 2969 ejus
1168 2869 1267 2947 Galla
1282 2870 1399 2970 scrip-

224 3009 347 3075 serunt
362 3000 568 3101 Fulgentius
583 3002 628 3080 de
642 3003 764 3102 Ruspe
779 3024 821 3079 ac
837 3013 982 3078 sanctus
998 3002 1184 3102 Gregorius
1198 3005 1357 3103 Magnus.

276 3135 331 3209 lta
350 3132 497 3209 enimin
512 3134 670 3234 llialogis
693 3151 813 3211 narrat
829 3135 1019 3235 Gregorius
1044 3137 1221 3234 llagnus:
1247 3169 1261 3203 ι
1282 3135 1393 3233 Gallu,

228 3299 244 3332 ι
276 3266 383 3364 hujus
406 3265 505 3342 urbis
529 3266 751 3345 nobilissima
766 3267 899 3368 puella,
928 3270 1150 3369 Symmachi,
1173 3271 1331 3347 consulis
1351 3295 1394 3347 ac

228 3432 244 3465 ι
276 3399 416 3498 patricii
434 3399 526 3496 filia,
549 3401 643 3477 intra
663 3401 912 3478 adolescentiae
929 3413 1088 3501 tempora
1105 3403 1232 3479 marito
1250 3404 1391 3500 tradita,

254 3824 265 3858 ¹
286 3822 419 3872 Memoria
433 3824 542 3873 intorno
552 3825 582 3874 al
595 3826 672 3888 lacoqu
684 3827 728 3876 del
739 3827 872 3889 suppleto
883 3825 912 3874 cli
923 3825 1049 3876 Sauerino
1059 3824 1162 3887 Boario,
1174 3839 1226 3876 cun
1236 3840 1276 3876 un
1286 3840 1374 3890 appan
1386 3855 1391 3862 ·

220 3900 280 3950 dice
290 3902 399 3951 intorno
411 3904 469 3952 ulla
481 3905 510 3952 di
523 3905 563 3953 lui
576 3908 688 3967 sancita,
701 3907 787 3970 Pavia,
803 3908 872 3958 18⁵5.

253 3985 266 4017 ¹
286 3982 410 4033 Manuaria
421 3984 526 4046 Parrasi,
540 3985 585 4036 lib.
599 3985 644 4048 111,
660 4001 684 4049 p.
701 3986 753 4034 116.

253 4063 267 4098 ⁸
288 4079 299 4107 ι
318 4062 346 4113 Si
358 4063 408 4112 elle
421 4063 508 4128 (Elpis)
523 4065 592 4114 avait
603 4065 646 4115 ete
658 4066 682 4115 la
694 4064 791 4115 lemme
804 4065 836 4114 de
850 4064 941 4125 Boeee,
956 4063 975 4112 il
986 4079 1019 4112 en
1030 4065 1179 4114 resultemit
1190 4078 1241 4114 une
1253 4065 1319 4114 forte
1331 4067 1391 4129 pre-

219 4142 349 4206 sumptiou
363 4157 396 4192 en
408 4144 496 4193 lavaur
509 4145 544 4193 du
562 4143 753 4193 christianisme
772 4144 805 4191 de
824 4147 900 4190 notre
911 4146 1011 4191 auteur.
1030 4142 1098 4193 C'est
1119 4143 1144 4192 lai
1162 4156 1195 4191 en
1209 4142 1271 4191 ellet
1289 4157 1324 4191 un
1342 4143 1391 4193 des

217 4228 371 4286 arguments
382 4224 407 4272 le
419 4225 477 4286 plus
488 4228 596 4274 souvent
609 4222 712 4286 produit
724 4222 775 4285 (ut)
787 4236 833 4285 par
845 4222 884 4270 les
895 4221 1023 4284 partisans
1033 4221 1115 4270 d'une
1127 4221 1233 4284 opinion
1254 4221 1299 4283 qui
1322 4221 1389 4272 n'est

218 4312 263 4361 pas
275 4300 300 4349 la
312 4301 396 4352 ndtre.
411 4319 422 4347 s
438 4301 561 4363 (lotrad,
577 4317 602 4364 p.
617 4301 665 4364 ll.)

246 4381 260 4414 ⁴
272 4369 375 4440 ὂυτωτὲ
388 4393 512 4462 περιῆν...
524 4393 569 4442 καὶ
578 4374 744 4459 οὐχ’ἧκιστα
757 4395 967 4463 Ρουστικιανῇτῇ
982 4389 1083 4443 Βοετίου
1096 4389 1140 4461 μὲν
1152 4395 1249 4463 γαμετῇ
1258 4390 1384 4463 γενομένῃ,

216 4461 292 4518 παιδὶ
309 4462 336 4519 δὲ
352 4469 504 4541 Συμμάχου,
524 4472 569 4522 καὶ
586 4471 632 4528 τὴν
648 4469 739 4521 οὐσίαν
752 4465 794 4520 aaa
808 4475 861 4528 τοῖς
879 4464 1001 4542 δεομένοις
1014 4467 1198 4542 nporsrao'pem.
1215 4469 1386 4534 (Procup.,de

217 4536 639 4604 fflmwmflmmcml
