3240 5468
664 417 840 489 ..11-

169 611 330 714 Pompeii
362 611 541 691 theatrum
573 611 648 688 suis
681 635 722 689 ao
755 611 847 712 regis
881 612 1094 692 Theudorici
1133 615 1339 718 sumptibus

168 746 460 836 reedificandum
471 743 758 846 suscapit¹.lleec
772 747 816 824 de
826 748 1042 847 Symmacho
1057 771 1099 826 ac
1113 751 1192 852 ejus
1208 773 1337 850 genero
1367 754 1369 759 ’

169 875 292 957 Boetio
317 879 460 981 scripsit
478 875 701 980 Procopius²
728 913 737 960 ι
767 912 783 947 s
811 879 1047 980 Symmachus
1072 889 1107 958 et
1130 884 1207 982 ejus
1230 905 1338 982 gener

103 1025 109 1037 '
169 1013 330 1112 Boetius,
364 1012 434 1089 alto
461 1015 642 1113 majorum
666 1013 849 1115 sanguiue,
875 1012 1056 1115 principes
1084 1037 1168 1092 vero
1192 1025 1337 1093 senatus

168 1145 540 1225 romanietconsules
565 1145 683 1243 luero,
714 1145 948 1248 philosophiae
975 1154 1010 1222 et
1037 1146 1197 1247 aequitati
1227 1171 1336 1248 supra

169 1288 316 1359 eeteros
331 1279 500 1358 mortales
515 1278 743 1376 studuerant,
765 1277 956 1379 multisque
975 1279 1096 1380 egenis
1114 1287 1190 1359 tum
1210 1304 1338 1372 roma.-

169 1438 312 1511 norum,
334 1422 410 1491 tum
429 1423 657 1491 externorum
677 1411 806 1512 opibus
827 1411 901 1489 suis
922 1411 1131 1492 subvenere.
1152 1412 1198 1496 Hi
1215 1413 1262 1497 ad
1277 1412 1339 1498 'in-

169 1554 309 1650 gentem
328 1545 480 1647 gloriam
494 1547 606 1624 evecti
624 1546 836 1624 deterrimos
852 1569 1012 1647 quosque
1032 1547 1079 1622 in*
1090 1545 1144 1624 sul
1163 1545 1336 1629 insidiam

168 1680 404 1780 concitarunt,
422 1681 490 1759 etc.
514 1717 529 1751 a
551 1681 616 1759 His
631 1679 795 1782 Procopii
811 1680 928 1758 serbis
947 1681 1114 1782 'apprime
1135 1690 1336 1764 consonant

168 1838 250 1918 quse
263 1815 306 1892 de
327 1814 532 1917 Symmachi
553 1836 594 1891 ao
608 1814 654 1896 de
667 1812 781 1893 Boetii
799 1813 872 1892 lide
893 1820 929 1892 ct
947 1813 1122 1893 charitate
1139 1814 1337 1899 christiana

169 1948 312 2028 aliunde
324 1949 478 2027 elucent.
491 1948 544 2026 hd
555 1946 813 2051 Symmachum
828 1947 926 2025 cuim
940 1946 1062 2027 scribit
1080 1946 1288 2026 Eunodius³
1302 1957 1338 2028 et

67 2094 70 2100 ’
168 2108 251 2162 eum
276 2085 333 2161 his
356 2084 473 2162 verbis
498 2083 641 2181 salutat,
671 2107 750 2183 ques
776 2090 915 2160 tantum
944 2081 1037 2160 iuter
1060 2082 1272 2162 christianos
1301 2085 1339 2165 in

169 2244 275 2297 usum
289 2219 411 2300 venire
431 2224 609 2320 possunt:
632 2249 648 2290 ι
671 2217 759 2296 Vale
779 2217 818 2294 in
841 2216 980 2294 Christo
1004 2225 1143 2317 nostro,
1169 2220 1339 2299 Romanu

167 2353 283 2457 gentis
303 2353 480 2450 nobilitas,
508 2359 543 2431 et
571 2375 629 2430 me
652 2353 728 2452 jam
753 2357 792 2426 ut
818 2349 985 2428 clientem
1009 2359 1044 2428 et
1067 2350 1245 2431 famulum
1273 2378 1339 2455 pro

168 2513 311 2566 morum
324 2491 360 2567 et
378 2495 514 2564 naturae
532 2485 611 2566 luce
626 2486 785 2588 dignare.
805 2515 825 2554 ν
850 2486 902 2562 hd
921 2485 1088 2563 'cumdem
1104 2494 1139 2563 ct
1162 2487 1207 2564 ad
1226 2488 1340 2564 Faus·

168 2632 245 2700 tum
272 2623 446 2724 collegam
470 2620 657 2723 epistolam
682 2620 809 2698 direxit
835 2621 973 2722 Avitus,
1004 2619 1216 2699 Viennensis
1243 2621 1339 2723 apis-

168 2781 290 2860 copus,
312 2756 466 2834 durante
490 2756 613 2833 Romae
638 2755 736 2832 toelii
760 2753 941 2832 Laurentii
971 2754 1176 2851 schismate,
1201 2755 1240 2832 in
1266 2769 1338 2857 qua

168 2891 386 2991 Symmachi,
421 2898 461 2966 ut
489 2889 674 2968 christiani
701 2889 768 2966 viri
792 2911 834 2967 ac
861 2889 1050 2984 senatoris,
1079 2888 1243 2966 animum
1262 2898 1339 2966 stu-

167 3022 341 3124 diumque
360 3023 399 3100 in
421 3021 616 3100 Ecclesiam
640 3030 675 3101 et
693 3021 789 3099 Patri
810 3021 939 3100 Scdcm
961 3020 1157 3100 accendere
1177 3019 1338 3104 nititur*.

202 3351 210 3382 ¹
234 3348 360 3410 Cassiod,
380 3349 450 3410 Van,
464 3349 508 3399 lib.
524 3348 567 3411 VI,
580 3348 655 3415 epist.
670 3349 715 3412 LI;
728 3349 774 3399 lib.
789 3349 831 3413 XI,
845 3348 920 3411 epist.
931 3349 952 3398 1.

201 3423 214 3456 ¹
231 3428 369 3503 Σύμμαχος
380 3428 425 3484 καὶ
439 3430 553 3494 Βοέτιος,
570 3425 689 3484 ὁτόντον
703 3427 828 3504 φαμόρὸς,
846 3425 997 3503 ενπιιτρίδνιι
1015 3431 1059 3504 μὲν
1075 3431 1105 3487 τὸ
1120 3430 1235 3487 asoto
1248 3427 1343 3491 ἤστην..

168 3508 263 3582 Πρώτω
285 3505 311 3562 δὲ
331 3508 423 3583 βουλῆς
437 3515 486 3563 τῶν
506 3497 632 3582 Ῥωμαίων
650 3513 695 3563 καὶ
713 3509 802 3562 ὑπάτω
817 3508 943 3579 ἐγενέσθην
963 3506 1036 3583 ἄμφω
1049 3530 1077 3563 τι
1094 3509 1240 3583 φιλοσοφίαν
1255 3512 1340 3570 ἀσκή-

167 3607 254 3654 σαντι,
265 3591 310 3642 καὶ
323 3586 484 3652 δικαιοσύνης
498 3587 702 3663 ἑπιρελησαριένω
716 3585 812 3650 dalmas
825 3583 904 3648 ἧσσον
918 3587 1027 3648 πολιτῶν
1038 3590 1065 3642 τὲ
1079 3610 1124 3645 και
1137 3589 1211 3653 ζένων
1220 3592 1339 3665 χρήμασι

167 3669 210 3726 τὴν
235 3669 345 3743 ἀπορίαν
369 3670 512 3744 ιάσαμένω,
539 3671 583 3723 καὶ
605 3666 678 3733 δόξης
696 3670 738 3723 ἐπὶ
756 3669 821 3743 μέγα
840 3670 990 3743 χωρήσαντι
1014 3665 1105 3743 ἄνδρας
1128 3669 1152 3731 ἐς
1175 3667 1261 3741 φθόνον
1282 3671 1339 3732 τοὺς

167 3750 336 3822 πικροτάτους
352 3748 516 3823 ἕπηφαφέτην.
524 3791 543 3803 ..
564 3749 692 3815 (Procop,
703 3751 737 3800 dc
749 3749 822 3810 Bello
831 3748 996 3812 porhic-,lib
1007 3749 1028 3805 I,
1041 3764 1062 3799 c.
1070 3749 1106 3814 t.)

201 3838 213 3872 ³
233 3837 288 3888 Lib.
301 3839 356 3901 Vll,
369 3852 410 3902 ep.
421 3839 498 3902 XXV,
513 3839 609 3904 Migne‚
622 3845 641 3889 t.
655 3840 744 3902 LXlll,
756 3841 805 3889 col.
819 3839 875 3889 l‘tl.

199 3920 213 3955 ⁴
235 3918 360 3981 «ouibus
372 3920 498 3986 coguitiS,
516 3921 589 3984 quasi
602 3925 706 3972 senator
718 3920 774 3983 ipse
786 3935 920 3982 romanus,
938 3921 1012 3986 quasi
1024 3921 1180 3974 christianus
1194 3924 1338 3990 episcopus,

167 3999 291 4061 obtestor,
305 4000 343 4050 sic
353 3999 495 4050 divinitatis
508 4000 620 4050 coelestis
631 4000 698 4050 donc
709 4001 870 4064 temporibus
880 4001 972 4052 vestris
983 4002 1140 4066 prosperitas
1152 4009 1239 4069 optata
1249 4019 1339 4058 succa-

167 4079 219 4143 dat,
231 4079 270 4130 sic
288 4080 401 4145 dignitas
421 4080 448 4128 in
461 4095 512 4144 qua
523 4079 623 4131 floretis
637 4081 758 4130 universo
771 4081 828 4131 orbi
849 4081 964 4145 speciem
979 4082 1086 4133 romani
1104 4084 1219 4142 nominis
1240 4086 1339 4137 mundo

165 4158 271 4211 labente
285 4161 432 4224 contineat,
444 4166 476 4210 ut
488 4162 518 4210 tn
529 4167 673 4224 conspectu
685 4167 773 4212 oestro
786 4177 841 4212 non
853 4164 890 4212 stt
900 4162 1031 4214 Ecclesiae
1043 4164 1133 4213 rainer
1147 4179 1230 4227 quom
1251 4164 1339 4229 reipu-

166 4239 241 4290 blicae
253 4244 350 4304 status;
363 4241 484 4305 quodque
498 4240 570 4291 vohis
591 4242 660 4292 Deus
671 4255 745 4304 posse
757 4241 887 4304 praestitit,
899 4242 980 4306 prosit
995 4247 1022 4292 et
1033 4242 1125 4306 nobis;
1144 4257 1195 4292 uec
1206 4244 1294 4294 minus
1310 4244 1339 4295 in

167 4315 284 4369 Ecclesia
297 4325 384 4370 vestra
396 4319 492 4372 Sedem
503 4317 574 4369 Petri
585 4331 664 4381 quam
676 4318 704 4368 in
715 4318 818 4369 civitate
830 4320 931 4383 apicem
941 4319 1043 4370 mundi.
1100 4321 1182 4372 nostis
1194 4321 1264 4374 bene
1274 4338 1338 4388 quas

166 4395 297 4447 haeresum
317 4402 495 4461 tempestates,
509 4396 590 4447 veluti
600 4397 684 4446 ventis
695 4397 927 4463 circumflantibus,
947 4399 1008 4451 fidei
1029 4414 1144 4464 puppem
1156 4402 1291 4459 ducamus.
1309 4403 1338 4455 Si

166 4474 303 4529 nobiscum
323 4476 504 4539 hujuscemodi
524 4479 639 4542 pericula
662 4481 815 4542 lormidatis,
836 4483 941 4545 expedit
952 4487 981 4534 ut
996 4483 1205 4538 Gabcrarutorem
1219 4491 1338 4538 uestrum

166 4553 320 4618 participato
331 4556 420 4608 labore
431 4558 558 4609 tueamini
570 4558 606 4622 (S.
621 4560 700 4623 Aviti,
714 4561 790 4625 epist.
803 4561 893 4622 XXXI,
905 4561 1002 4627 migne,
1014 4567 1033 4615 t
1045 4563 1108 4628 LIX,
1122 4567 1172 4619 col.
1185 4567 1251 4632 stay.
1263 4584 1274 4613 ν
