3240 5468
690 451 868 524 ...67-

193 650 355 723 ratorum
384 643 548 720 officinas
577 643 709 744 gaudio
743 643 936 744 laetitiaque
965 643 1164 746 fluitantes,
1195 644 1367 745 perditis-

193 776 327 853 simum
345 800 526 877 quemque
540 777 641 853 noris
656 777 879 855 delationum
898 776 1084 855 fraudibus
1099 778 1362 877 imminentem,

95 931 101 937 ·
188 909 308 1009 jacere
334 909 464 1005 honos,
488 910 603 987 nostri
622 910 841 987 discriminis
863 888 1011 1016 terrore=
1026 920 1236 1012 prostratos,
1260 912 1366 1013 flagi-

193 1040 325 1119 tiosum
337 1066 517 1142 quemque
528 1043 574 1119 ad
588 1043 808 1121 audiendum
819 1043 965 1143 quidem
981 1044 1120 1121 facinus
1135 1045 1362 1145 impunitate,

191 1175 237 1253 ad
251 1174 482 1253 efficiendum
497 1201 582 1255 raro
600 1176 757 1277 praemiis
775 1176 932 1273 incitari,
950 1177 1109 1255 insontes
1124 1186 1264 1276 autem,
1287 1200 1362 1255 non

193 1306 299 1386 modo
315 1310 517 1409 securitate,
536 1334 663 1387 verum
677 1309 757 1410 ipsa
774 1310 881 1386 etiarn
900 1310 1105 1387 defensione
1121 1310 1279 1410 privatos
1296 1307 1320 1388 ¹.
1340 1343 1360 1381 »

193 1440 520 1541 Ergoimminente
548 1451 661 1519 morte
694 1442 859 1519 ultimam
891 1465 1041 1519 manum
1083 1443 1240 1521 admovit
1278 1445 1363 1522 huic

192 1572 456 1674 elegantissimo
480 1575 579 1676 operi
604 1575 660 1652 cui
685 1574 808 1651 titulus
834 1604 842 1650 ε
869 1577 925 1650 Dc
952 1577 1184 1654 consolatione
1205 1578 1364 1678 philoso-

187 1706 293 1806 phie,
308 1709 385 1809 jam
398 1707 518 1786 iudea
537 1708 658 1784 multis
678 1707 793 1804 annis,
813 1718 932 1786 mente
955 1717 1172 1811 pertractato
1186 1706 1210 1790 a·
1237 1713 1360 1788 Partes

192 1842 339 1940 quidam
363 1843 601 1944 apologeticas
625 1843 663 1918 in
687 1865 829 1920 carcere
856 1844 1057 1921 elaboratas
1085 1844 1166 1944 quis
1192 1845 1358 1923 dubitet?

194 1975 327 2054 Theses
346 2001 446 2072 vero,
464 1977 508 2055 da
527 1976 612 2054 mali
633 1976 828 2077 existentia,
849 1977 894 2054 de
909 1977 1160 2078 temporalium
1181 2003 1222 2057 ac
1236 1987 1360 2056 muta-

191 2107 318 2187 bilium
335 2111 512 2190 hunorum
533 2111 698 2209 vanitate,
719 2112 764 2190 de
782 2113 867 2212 fato,
888 2113 925 2190 id
944 2122 998 2190 est
1018 2112 1063 2190 de
1082 2113 1211 2190 divinae
1230 2114 1359 2193 Provi-

190 2243 322 2320 dentiae
343 2244 528 2345 regimine,
548 2246 594 2324 da
615 2246 678 2324 Dei
697 2246 909 2344 aeternitate,
931 2247 976 2323 de
996 2247 1111 2347 poenis
1135 2272 1178 2325 ac
1201 2247 1359 2347 praemiis
1383 2262 1385 2266 ’

190 2376 335 2455 alterius
360 2377 457 2478 vitae,
478 2378 554 2457 haec
577 2388 613 2455 et
637 2379 707 2457 alia
733 2378 911 2480 permulta
937 2379 983 2455 ad
1009 2380 1212 2459 universam
1243 2381 1357 2458 Boetii

190 2510 459 2614 philosophiam
487 2512 684 2613 spectantia
702 2513 741 2588 in
760 2513 857 2590 hunc
880 2512 1087 2614 conspirant
1107 2537 1127 2590 a
1146 2514 1269 2591 Boetio
1290 2513 1358 2590 sibi

186 2646 262 2746 jam
275 2653 382 2724 antea
396 2645 622 2748 propositum
636 2647 746 2724 linem
763 2678 771 2725 ε
797 2680 812 2715 e
830 2645 894 2723 his
909 2646 1064 2746 peractis
1079 2670 1152 2722 non
1168 2655 1357 2750 contemp-

191 2779 299 2858 serim
313 2780 522 2871 Aristotelis,
543 2780 771 2882 Platonisque
785 2783 987 2872 sententias,
1005 2783 1042 2856 in
1062 2805 1172 2857 unum
1189 2785 1357 2882 quodom-

174 2915 291 2991 -modo
304 2938 466 2992 revocare
485 2917 701 2992 concordium
720 2930 752 2992 et
771 2942 826 2992 cos
846 2915 884 2992 in
907 2914 1098 3016 plerisque,
1120 2939 1200 3015 quae
1219 2915 1359 2992 suntin

192 3046 419 3150 philosophia
450 3047 622 3149 maxima,
647 3049 838 3125 consentire
866 3049 1105 3124 demonstrem.
1125 3049 1208 3125 llaec
1228 3047 1258 3124 si
1287 3047 1361 3125 vita

191 3181 377 3282 otiumque
399 3183 587 3284 superarit,
609 3206 690 3259 cum
706 3182 820 3258 multa
841 3181 958 3282 operis
978 3182 1085 3283 hujus
1106 3180 1271 3278 utilitate,
1293 3204 1359 3258 nec

191 3339 264 3395 non
275 3316 382 3413 etiam
392 3317 501 3395 laude
512 3316 758 3395 contenderim
768 3313 792 3393 ³.
809 3350 825 3384 s
844 3318 928 3394 Erat
943 3324 1065 3394 autern
1076 3314 1358 3394 dePrnridentia

192 3449 354 3527 doctrina
372 3450 551 3529 continuis
569 3449 676 3550 hujus
692 3449 863 3551 temporis
878 3448 1140 3527 calamitatibus
1155 3471 1359 3526 accommo-

190 3582 387 3662 datissima.
408 3585 510 3663 Hanc
533 3583 640 3684 igitur
662 3583 938 3686 propugnabant
961 3589 1086 3660 contra
1110 3581 1359 3673 ethnicorum,

192 3715 399 3819 stoicorum,
423 3717 758 3818 astrologorumquc
785 3715 1008 3794 fatalismum
1028 3714 1247 3814 Lactantius,
1269 3714 1361 3789 Pru-

192 3847 346 3950 dentius,
382 3851 570 3951 Gregorius
601 3852 797 3952 Nyssenus,
831 3850 1049 3951 Augustinus
1083 3857 1118 3926 et
1162 3847 1360 3925 Salvianus.

227 4158 239 4194 ¹
259 4156 374 4222 mmor..
386 4158 433 4213 lih.
444 4159 464 4224 1,
479 4174 518 4226 pr.
529 4160 553 4212 l.

228 4238 242 4275 ⁸
261 4237 376 4302 emet,
390 4240 432 4304 IV,
445 4256 486 4305 pr.
499 4241 512 4292 l
530 4257 536 4292 :
551 4259 562 4289 ι
652 4241 740 4304 anue
753 4239 828 4305 mihi,
839 4240 888 4292 etsi
901 4240 933 4290 oh
946 4237 1048 4302 injuriae
1059 4237 1177 4289 dolorem
1189 4248 1273 4300 nuper
1286 4233 1366 4286 oblita

191 4330 246 4369 non
258 4321 348 4371 tamen
360 4327 421 4372 ante
430 4320 479 4371 hac
492 4336 598 4385 prorsus
610 4322 728 4386 ignorata
740 4320 851 4372 dixisti.»
866 4320 903 4371 Cl.
915 4319 996 4382 ibid..
1009 4319 1054 4370 lib.
1067 4318 1096 4381 V,
1108 4333 1148 4382 pr.
1159 4318 1170 4368 l
1187 4330 1192 4367 2
1210 4334 1220 4364 ι
1235 4315 1285 4368 Sed
1297 4316 1367 4380 quod

191 4402 221 4448 tu
232 4398 331 4451 dudum
349 4401 382 4452 de
403 4401 566 4465 providentia
586 4402 756 4467 quaestionem
771 4400 887 4466 pluribus
901 4400 958 4452 aliis
976 4399 1131 4463 implicitam
1145 4411 1204 4450 esse
1217 4395 1318 4459 dixisti,
1337 4408 1366 4446 re

191 4478 319 4542 aperior.
333 4499 345 4528 a

225 4559 239 4595 ⁸
258 4558 341 4624 Proef.
354 4560 381 4612 in
392 4559 437 4613 lih.
449 4560 473 4612 ll
484 4561 517 4612 de
529 4561 607 4614 Arist.
621 4561 758 4625 Interpret.
