3240 5468
706 441 884 512 ..gg-

216 668 233 704 s
264 635 604 740 quoqueiudignum
614 642 710 710 esset
723 630 946 707 intellectum
960 625 1164 726 huiusmodi
1179 623 1399 724 applicante:

216 802 235 836 ν
264 792 346 871 quse
358 792 418 846 res
438 791 501 845 eos
519 790 585 843 nec
600 774 704 841 retus
719 763 803 839 lecit
821 754 1247 862 recipere'testamentum
1267 779 1400 858 neque

218 931 235 967 ι
266 903 305 980 iu
327 902 467 1001 integro
489 919 636 974 norum.
656 897 746 971 Num
762 894 855 971 sieut
872 891 961 968 illud
978 890 1127 967 omuino
1146 911 1245 965 error
1257 910 1401 967 eorum

220 1064 238 1105 s
267 1053 342 1110 uon
358 1030 486 1132 recipit
507 1031 558 1104 ita
580 1051 624 1105 es
648 1027 789 1127 Virgine
813 1023 1078 1125 generationem
1104 1021 1181 1096 Filii
1213 1043 1289 1095 non
1316 1022 1401 1097 rult

221 1199 239 1234 υ
269 1163 473 1258 admittere,
485 1185 531 1239 ne
542 1160 702 1236 humano
711 1180 860 1259 corporo
870 1155 1006 1258 polluta
1019 1154 1179 1230 rideatur
1196 1151 1258 1225 llei
1275 1151 1401 1230 luisse

223 1330 241 1368 a
270 1305 400 1373 natura
420 1293 444 1369 ¹.
463 1324 480 1359 s

276 1424 436 1503 uahfich
446 1425 581 1503 cumen
592 1422 778 1501 confutare
788 1420 1001 1521 dedignatus
1012 1419 1166 1512 Boetius,
1178 1432 1403 1497 accusantes

223 1557 280 1635 his
290 1556 556 1634 tentumrerbis
570 1553 728 1657 percellit
743 1586 751 1632 ι
772 1583 786 1617 s
801 1556 872 1631 Nec
887 1549 1119 1629 conveniebat
1134 1545 1404 1629 vilissimorum

227 1722 242 1757 ι
275 1688 532 1790 mespirituum
544 1685 709 1790 praesidia
721 1696 983 1788 captaroqnem
1000 1690 1038 1758 tu
1050 1682 1110 1779 (ad
1121 1679 1401 1780 Philosophiam

227 1854 242 1890 s
273 1820 380 1899 rerba
398 1819 497 1918 lacit)
516 1822 554 1896 in
574 1819 667 1896 hane
681 1818 926 1896 excellentiam
944 1815 1199 1916 componebas,
1217 1821 1256 1886 ut
1275 1817 1403 1890 cousi·

226 1984 241 2020 r
273 1952 396 2031 mitem
410 1954 484 2031 Deo
497 1947 668 2031 luceren‘.
688 1980 704 2016 s
723 1954 817 2040 Quae·
829 1958 902 2026 tom
921 1948 1111 2050 magnilica
1129 1947 1233 2024 rerba
1256 1953 1404 2026 temere

222 2084 460 2163 calumniatus
474 2091 528 2161 est
543 2082 678 2159 iudicis
694 2083 738 2158 de
752 2081 924 2158 ltliromlol
940 2078 953 2122 ⁸
967 2081 1160 2157 asserendo
1183 2107 1196 2141 ι
1220 2078 1286 2154 hac
1308 2105 1401 2156 rer·

223 2219 352 2295 borum
369 2216 602 2319 ambiguitate
622 2216 785 2293 Boetium
806 2215 985 2293 ethnicam
1002 2214 1257 2291 consessionem
1279 2213 1402 2292 decli·

222 2349 375 2426 novisse.
393 2378 413 2417 o
438 2349 506 2426 Sed
529 2348 574 2427 de
595 2347 651 2424 his
675 2347 860 2426 hactenus.
881 2350 981 2422 hono
1006 2345 1133 2423 Christi
1153 2339 1241 2439 510,
1262 2367 1401 2422 consu·

222 2480 335 2559 latum
355 2481 461 2582 gessit
481 2480 640 2580 Boetius,
659 2503 740 2557 cum
764 2478 952 2555 Eutharico
971 2479 1117 2577 collega,
1137 2477 1218 2554 licet
1237 2477 1400 2575 philoso-

223 2610 317 2713 phiae
331 2619 366 2689 et
380 2611 579 2689 litterarum
596 2610 712 2688 studia
728 2634 799 2688 non
817 2610 1048 2688 intermiserit
1059 2605 1082 2685 ⁴.

256 2963 266 3002 ¹
288 2961 329 3015 De
339 2962 388 3029 tid.
399 2963 483 3028 ooth.,
495 2962 598 3030 Poipor,
613 2978 639 3029 p.
654 2961 707 3016 llo.

254 3047 267 3084 ¹
288 3043 404 3107 consol,
416 3042 461 3095 lib,
472 3042 493 3106 l,
507 3056 546 3108 pr.
558 3043 582 3095 l.

255 3127 268 3163 ¹
288 3125 405 3177 hocuser
416 3122 499 3174 Bodas
511 3122 544 3173 do
558 3123 654 3188 magle,
669 3124 756 3174 o'dtait
768 3124 892 3174 l’aeeuser
904 3123 1121 3175 non-seulement
1132 3125 1165 3174 de
1176 3125 1259 3175 croire
1269 3139 1305 3176 au
1316 3141 1398 3194 pag..

221 3204 316 3265 nume,
329 3201 395 3253 mais
407 3200 440 3252 de
453 3200 478 3251 le
493 3199 635 3266 pratiquer.
650 3198 835 3267 L'lnculpation
854 3201 916 3252 dtsit
935 3202 1012 3251 claire
1026 3201 1083 3266 (tlt),
1096 3208 1122 3252 et
1143 3202 1227 3253 boece
1243 3219 1276 3254 ne
1288 3210 1400 3270 pouvait

222 3285 260 3349 s'y
271 3282 438 3348 mdprendre,
451 3280 518 3332 mols
531 3279 550 3332 il
563 3280 598 3332 lui
612 3282 675 3333 etsit
687 3281 837 3349 impossible
853 3284 885 3334 de
897 3283 922 3333 la
939 3283 1037 3334 reluter
1049 3284 1296 3346 victoriousement;
1313 3291 1398 3345 aussi.

223 3362 359 3416 eisaie-bil
371 3362 403 3413 do
420 3374 449 3413 se
461 3360 525 3412 tiror
537 3361 697 3414 d'emharras
711 3378 766 3428 por
778 3378 832 3415 one
845 3364 998 3428 equivoque.
1021 3366 1061 3416 hu
1076 3365 1129 3416 lieu
1141 3367 1173 3416 de
1187 3368 1361 3430 repondre...
1378 3375 1397 3424 it

223 3442 305 3510 prend
314 3456 351 3493 un
363 3440 437 3502 birris,
450 3438 558 3493 chicanc
573 3455 618 3492 sur
629 3442 667 3495 les
681 3447 748 3495 mots
763 3450 789 3495 ct
803 3443 894 3508 adjuro
907 3445 931 3494 ls
945 3442 1106 3507 philosophie
1119 3442 1151 3492 de
1170 3443 1287 3494 deelarer
1300 3447 1340 3496 s’il
1354 3456 1399 3502 est

222 3521 335 3588 possible
351 3522 431 3588 qu'un
444 3520 551 3573 homme
564 3522 658 3587 qu'elto
676 3536 691 3572 a
706 3524 759 3588 pris
780 3524 795 3574 h
814 3523 890 3575 tache
912 3524 944 3574 de
963 3522 1087 3573 conduire
1106 3535 1165 3572 vers
1183 3521 1248 3572 Dieu
1268 3521 1336 3574 lasse
1358 3542 1397 3577 un

222 3605 297 3668 pacto
307 3615 370 3653 oreo
381 3602 421 3654 les
434 3600 527 3667 esprits
539 3601 708 3654 immondesr
725 3602 849 3667 (latrod,
865 3602 984 3668 xxxvl).
1003 3601 1058 3652 lloo
1075 3599 1200 3652 absonum
1221 3605 1397 3657 accusationis

223 3684 301 3747 caput
312 3680 382 3731 solus
395 3684 482 3732 tuetur
495 3680 593 3732 iudicis
604 3683 637 3733 de
651 3682 785 3734 Mirandol.

256 3762 270 3798 ⁴
290 3761 349 3811 Fuit
355 3759 438 3811 boetii
446 3760 528 3812 otium
539 3760 566 3811 in
574 3763 708 3815 consulatu
718 3764 872 3828 operositate
882 3763 999 3827 plenum,
1008 3769 1036 3814 ut
1045 3767 1154 3814 testatur
1163 3762 1218 3828 ipse
1229 3763 1256 3813 in
1266 3769 1396 3829 proaemio

115 3837 123 3855 ⁸
224 3840 283 3892 libri
293 3840 488 3906 categoriarum
500 3856 507 3891 ι
520 3857 530 3888 s
544 3840 609 3892 Etsi
621 3856 669 3894 nos
680 3855 750 3894 cura
762 3841 841 3893 otllcii
853 3842 994 3892 consularis
1006 3843 1152 3908 impediunt
1162 3843 1302 3907 quominus
1311 3844 1340 3894 in
1351 3845 1396 3898 his

224 3919 315 3972 studiis
326 3934 405 3971 omne
419 3920 501 3972 otium
518 3922 674 3986 plenamque
694 3935 800 3987 operam
815 3935 1009 3984 consumamus,
1028 3923 1160 3988 pertinere
1181 3927 1271 3973 tamen
1290 3921 1395 3974 videtur

223 4000 274 4050 hoc
285 4000 317 4051 ad
329 4000 442 4065 aliquam
456 3998 605 4064 reipubllcre
618 4014 707 4052 curam
719 4039 726 4063 ,
745 4001 901 4051 elucubratae
913 4002 952 4052 rei
965 4001 1082 4053 doctrina
1094 4003 1163 4052 cives
1174 4002 1312 4051 instruere.
1335 4000 1393 4052 Nec

224 4079 293 4129 male
305 4080 337 4130 de
350 4078 448 4131 civibus
463 4079 530 4130 meis
542 4094 656 4143 merear,
668 4082 690 4131 si
708 4095 768 4132 cum
782 4081 866 4145 prisca
877 4081 1013 4132 hominurn
1027 4083 1108 4131 virtus
1120 4081 1225 4131 urbium
1237 4086 1392 4132 caeterarum

224 4159 256 4209 ad
270 4159 338 4209 hanc
356 4173 436 4209 unam
454 4160 660 4224 rempublicam,
676 4160 880 4211 dominationem
894 4199 899 4219 ,
913 4161 1104 4226 imperiumque
1115 4159 1286 4220 transtulerit,
1302 4174 1351 4222 ego
1365 4162 1392 4210 id

223 4238 316 4289 saltem
337 4240 406 4303 quod
426 4238 555 4302 reliquum
582 4245 636 4295 est.
658 4255 749 4307 graecm
771 4240 914 4304 sapientiae,
937 4241 1044 4294 artibus.
1062 4254 1149 4290 mores
1167 4245 1264 4290 nostras
1281 4240 1392 4292 civitatis

223 4317 380 4370 instruxero.
402 4318 497 4381 Quare,
516 4333 550 4370 ne
570 4320 621 4369 hoc
633 4320 738 4384 quidem
755 4320 868 4369 consutis
881 4325 954 4370 vacat
967 4319 1062 4380 othcio,
1078 4333 1138 4368 cum
1160 4318 1271 4368 Romani
1287 4334 1392 4383 semper

223 4396 301 4447 luerit
314 4397 403 4461 moris,
413 4399 482 4463 quod
494 4397 651 4463 ubicumque
664 4398 781 4465 gentium
792 4399 930 4463 pulchrum
943 4404 1013 4450 esset
1023 4402 1100 4463 atque
1112 4398 1250 4460 laudabile,
1268 4397 1294 4448 id
1307 4400 1391 4462 magis

222 4490 254 4529 ac
264 4480 347 4544 magis
358 4478 503 4530 imitatione
515 4478 663 4532 honestare.
675 4479 721 4545 (lo
731 4478 819 4546 doteg.
830 4479 923 4543 Arist,
933 4480 978 4532 lib.
990 4480 1023 4541 11,
1035 4492 1156 4543 prooem,
1168 4477 1265 4543 Migns,
1277 4481 1294 4528 t.
1304 4479 1389 4543 LXIV,

223 4560 272 4615 col.
283 4561 348 4627 201.)
