3240 5468
665 355 871 475 ..3..¹

155 595 379 673 siasticerum
413 595 604 697 scriptores
641 595 836 693 Batonius,
875 596 1115 694 llabillonius,
1157 599 1325 706 Huetius,

156 728 362 805 Bossuetius
379 728 405 829 ¹,
430 728 683 826 Rohrbacher,
710 728 855 806 llaehler
870 727 898 830 ⁹,
920 737 954 806 et
978 731 1177 830 praesertim
1197 714 1324 809 recen-

156 862 315 940 tissimus
341 861 652 963 amicissimusque
673 865 712 945 Ε.
734 865 865 940 Darras
884 860 907 941 ³.
929 864 981 940 hd
996 889 1153 964 quorum
1173 873 1325 943 senten-

157 995 244 1072 tiam
270 996 498 1098 accedentes,
524 994 855 1099 quantulocumque
883 1006 1011 1076 conatu
1041 1007 1185 1096 nostro,
1219 999 1326 1099 plane

157 1131 387 1231 perspicuum
403 1130 546 1208 efficere
562 1139 765 1232 satagemus
1336 1212 1338 1215 ,

210 1266 306 1346 1.-
329 1266 368 1342 A.
388 1266 433 1342 M.
460 1267 495 1343 S.
513 1266 688 1366 Boetium,
715 1291 736 1343 e
762 1266 956 1344 christiana
979 1265 1089 1369 stirpe
1113 1275 1252 1367 natum,
1280 1269 1327 1348 ad

156 1405 317 1478 exactam
327 1399 530 1478 christianae
540 1400 722 1501 religionis
737 1425 903 1478 normam
917 1401 1057 1500 vixisse,
1070 1426 1136 1482 nec
1146 1401 1328 1507 rebellem,

157 1534 221 1613 sed
235 1557 300 1636 pro
314 1534 386 1611 fide
401 1533 596 1612 christiana
614 1537 772 1614 occisum
789 1536 915 1636 fuisse3

210 1668 256 1744 ll.
286 1668 507 1746 -Librum
543 1671 584 1744 de
623 1665 865 1748 Consolatione
892 1671 1132 1774 philosophico,
1159 1697 1180 1751 a
1204 1669 1327 1752 Boetia¹

157 1799 370 1905 philosopho
398 1812 583 1880 exaratum
617 1803 786 1907 perplura
818 1805 916 1884 haud
944 1806 1096 1886 obseura
1125 1807 1326 1886 christianae

158 1936 242 2014 fidei
257 1936 406 2038 vestigia
421 1937 619 2033 continere,

212 2072 274 2149 lll.
286 2116 338 2130 -
348 2071 525 2150 Eumdem
540 2097 618 2150 esse
634 2071 833 2174 genuinum
843 2084 1026 2155 auctorem
1040 2073 1215 2156 librorum
1230 2074 1327 2154 circa

160 2232 216 2285 res
236 2233 256 2285 e
276 2233 385 2286 sacrae
409 2207 594 2310 theologiae
621 2208 863 2310 penetralibus
887 2209 1107 2310 desumptas,
1128 2210 1190 2311 qui
1209 2210 1326 2286 iudea

161 2343 290 2420 saeculo
301 2351 426 2420 octavo
441 2342 510 2445 ipsi
527 2342 791 2421 adscribuntur.

215 2477 356 2578 Triplex
376 2501 460 2578 ergo
482 2488 613 2554 nostrae
632 2478 907 2580 qualiscumque
930 2479 1187 2580 disquisitionis
1207 2489 1329 2580 caput.

161 2614 207 2689 Ut
225 2621 355 2689 amatae
369 2611 527 2691 veritatis
541 2612 781 2714 indagatores,
797 2637 871 2690 uon
889 2621 1010 2691 autem
1030 2623 1071 2689 ut
1086 2613 1328 2716 prejudicato

162 2746 342 2847 opinionis
361 2747 529 2845 studiosi,
550 2772 627 2825 rem
642 2755 753 2826 totam
772 2772 815 2824 ex
830 2747 1002 2845 historiae,
1025 2747 1330 2850 philosophiaque
1404 2766 1406 2770 ·

161 2880 320 2961 fontibus
344 2882 587 2984 conficiemus,
607 2883 756 2982 longum
778 2880 877 2960 brevi
901 2880 1078 2958 curriculo
1097 2879 1255 2986 stadium
1271 2879 1332 2955 di·

164 3017 370 3121 metientes,
408 3041 482 3096 non
524 3017 653 3096 docere
689 3016 751 3094 sed
784 3016 1032 3094 demonstrare
1061 3013 1224 3111 solliciti,
1255 2998 1358 3090 non

164 3152 286 3228 multis
305 3152 368 3229 sed
386 3153 499 3229 firmis
514 3151 596 3229 sulti
614 3150 844 3253 argumentis,
871 3157 911 3227 ut
933 3151 995 3251 qui
1018 3147 1187 3227 assenstls
1211 3145 1267 3227 vel
1289 3145 1334 3222 ab

164 3285 284 3364 inritis
304 3310 345 3364 ac
369 3286 629 3366 reluctantibus
651 3284 884 3387 extorquendi
907 3285 944 3361 in
975 3283 1097 3360 animo
1122 3282 1335 3359 habeamus.
1392 3386 1395 3391 Ι

166 3419 258 3517 Iam,
274 3420 467 3520 legentium
481 3422 577 3500 bona
595 3420 711 3521 venia,
727 3419 773 3498 ed
792 3417 1018 3519 propositum
1033 3439 1237 3519 pergamus.
1358 3411 1375 3477 s
1435 3464 1440 3471 »

202 3748 211 3780 ¹
232 3744 301 3794 nans
318 3745 343 3794 ra
364 3723 468 3807 plarace
488 3742 521 3793 re
539 3739 700 3793 ruartronue
720 3738 749 3793 Ρ.
763 3740 844 3820 carry,
858 3700 1219 3803 accumularentur
1240 3735 1336 3803 urna,

169 3823 352 3954 t¹1¹⁴xllllr'b’tacible
364 3824 538 3968 Subgl'h'ptisc,
561 3917 609 3968 par
621 3902 741 3964 Moehler,
764 3901 868 3967 publice
880 3914 927 3965 par
941 3900 1028 3964 Garns,
1050 3899 1132 3963 Paris,
1148 3898 1255 3961 Gaume,
1267 3895 1338 3960 1869,

169 3987 187 4032 r.
200 3983 408 4126 lrl'dbgrejba
422 4064 455 4113 ae
469 4063 588 4128 repro,
601 4069 621 4115 t.
635 4064 700 4127 xiv,
714 4062 796 4126 Paris,
811 4062 896 4126 vivas,
909 4060 979 4114 raro.
