3240 5468
714 455 910 530 -137-

228 637 412 734 velisque
439 641 570 710 cuncta
598 631 771 730 dignoscit
799 633 902 721 licus,
929 655 1000 707 nou
1030 656 1108 707 esso
1136 633 1397 730 praescientiam

228 768 331 868 quasi
355 767 479 862 futuri,
504 766 567 842 sed
591 764 776 842 scientiam
797 787 984 864 nunquam
1003 765 1200 842 deficientis
1219 766 1396 843 instantiae

227 901 359 978 rectius
374 898 578 974 aestimabis.
607 932 623 965 a

281 1018 321 1098 4⁰
352 1054 368 1089 α
403 1023 489 1109 Quae
516 1045 599 1097 cum
624 1021 673 1095 ita
698 1022 779 1117 siut,
805 1033 926 1098 manet
953 1023 1164 1102 intemerata
1189 1026 1397 1104 mortalibus

228 1156 366 1232 arbitrii
380 1155 539 1235 libertas.
553 1159 672 1233 Manet
690 1156 795 1232 etiam
818 1165 995 1256 spectator
1013 1157 1167 1259 desuper
1188 1136 1397 1236 cunctorum

229 1289 399 1390 praescius
415 1290 532 1386 Deus,
548 1265 764 1387 visionisque
784 1291 860 1388 ejus
879 1313 1038 1389 praesens
1059 1313 1199 1389 semper
1216 1289 1397 1366 eternitas

229 1442 311 1493 cum
345 1427 550 1494 nostrorum
581 1429 724 1499 actuum
758 1424 875 1500 lutura
907 1423 1077 1522 qualitate
1109 1425 1298 1500 concurrit.
1328 1428 1397 1501 Nec

228 1552 363 1626 frustra
378 1552 414 1638 in
431 1552 503 1627 Deo
524 1575 605 1648 spes
625 1577 820 1652 precesque
835 1561 966 1630 nostrae
980 1554 1105 1653 positae
1129 1564 1222 1630 sunt.
1246 1591 1262 1619 »

282 1683 334 1756 lta
367 1705 442 1784 pro
460 1683 550 1757 virili
579 1692 679 1782 porte
706 1685 887 1762 difficilem
918 1687 1009 1761 hanc
1038 1686 1269 1783 quaestionem
1294 1686 1398 1764 solvit

231 1814 385 1891 Boetius.
418 1815 484 1900 Oui
510 1823 630 1891 antem
668 1817 770 1894 illum
801 1819 1052 1919 neoplatonico
1085 1820 1241 1919 dogmati
1275 1820 1399 1905 adhae-

229 1957 365 2025 rentem
390 1947 595 2047 opinantur,
616 1950 728 2025 Procli
748 1959 783 2026 et
802 1953 911 2028 Anicii
939 1954 1051 2031 nostri
1073 1955 1285 2031 solutionem
1305 1955 1398 2031 inter

229 2106 267 2156 se
283 2080 479 2157 conferant.
499 2082 661 2157 Sufficiat
677 2084 751 2158 haec
768 2091 909 2158 tautum
923 2107 964 2159 ex
977 2083 1056 2184 ipso
1073 2083 1248 2161 Nitzschio
1263 2084 1400 2162 descri-

228 2213 311 2289 bere
326 2242 334 2286 :
350 2245 365 2278 ι
381 2213 447 2303 uti,
459 2215 508 2290 ait
524 2214 681 2308 Proulus,
693 2214 857 2291 meliores
868 2215 1152 2307 suutomuilrus3
1169 2214 1249 2289 ideo
1265 2223 1397 2296 norunt

228 2347 364 2438 omnia,
399 2371 471 2422 nou
500 2347 645 2445 quidem
670 2347 947 2424 convenientiori
984 2347 1046 2423 sed
1077 2348 1253 2447 superiori
1279 2349 1395 2446 modo,

227 2480 436 2578 temporalia
478 2480 818 2580 antetemporaliter,
863 2481 1061 2581 corporalia
1107 2480 1394 2581 incorporaliter,

227 2611 423 2687 materialia
453 2613 745 2711 immaterialiter,
771 2614 878 2688 libero
902 2628 940 2688 ut
965 2615 1172 2701 necessario,
1204 2613 1395 2709 instabilia,

192 2759 196 2770 '
226 2744 398 2820 stabiliter
408 2747 432 2822 ¹.
462 2781 478 2814 ι
507 2752 549 2819 At
572 2750 719 2821 omniuo
743 2745 962 2844 impossibile
982 2754 1035 2820 est
1055 2771 1094 2820 ex
1116 2746 1316 2848 istiusmodi
1335 2748 1398 2845 fig·

228 2877 357 2952 mentis
377 2886 448 2953 tam
467 2902 607 2973 sanam,
629 2877 919 2976 luculentamque
939 2877 1048 2952 Boetii
1069 2878 1180 2953 nostri
1198 2878 1396 2954 doctrinam

229 3010 398 3098 tanquam
416 3025 435 3077 e
454 3025 520 3077 suo
535 3004 633 3077 l'onte
647 3001 835 3076 deducere.

282 3134 381 3207 Nunc
396 3134 441 3210 ad
457 3135 615 3210 Ethicam
632 3134 742 3209 Boetii
762 3133 916 3211 breviter
928 3134 1176 3234 exponendam
1197 3161 1396 3237 pergamus.

226 3265 362 3359 Nullus,
380 3274 417 3340 ut
432 3267 570 3365 opinor,
587 3268 682 3342 hanc
698 3275 836 3367 partem
851 3267 1091 3344 calumniatus
1111 3280 1164 3344 ast
1179 3270 1246 3345 uisi
1264 3272 1396 3347 iudicis

224 3399 269 3473 de
294 3396 497 3477 Mirandol2.
527 3401 632 3476 Hunc
656 3401 686 3475 si
713 3401 851 3498 audias,
882 3399 1120 3499 pantheistica
1151 3402 1316 3502 dogmata
1344 3416 1396 3478 te-

1202 3585 1394 3598 Ἢ...-

258 3668 268 3701 ¹
290 3665 352 3716 Haec
367 3666 514 3718 Nitzschius
525 3669 560 3732 (p.
575 3670 612 3734 76)
625 3671 739 3720 desumit
751 3684 782 3720 ex
795 3669 898 3731 Proeto,
910 3670 944 3720 de
954 3669 1072 3729 Pr·ooid.‚
1086 3686 1109 3722 c.
1124 3683 1140 3721 1.
1154 3675 1246 3736 etseq.
1313 3707 1316 3712 -
1341 3739 1344 3744 ³

257 3749 268 3780 ²
289 3747 406 3810 Introdz,
419 3763 445 3811 p.
460 3762 503 3799 uu.
518 3767 528 3795 ι
543 3749 583 3800 On
595 3765 610 3799 a
623 3751 661 3801 dit
672 3766 735 3800 avec
748 3751 833 3800 raison
852 3765 902 3813 que
918 3751 943 3800 le
960 3751 1124 3813 panthe'isme
1140 3751 1203 3801 etait
1214 3751 1395 3816 impuissanta

223 3828 315 3877 londer
335 3842 386 3878 une
408 3831 548 3879 morale...
570 3831 591 3880 ll
613 3832 667 3881 taut
683 3831 768 3880 suivre
792 3831 874 3880 Boece
891 3845 937 3894 pas
953 3831 1025 3894 apas
1039 3832 1103 3880 dans
1114 3831 1139 3880 la
1150 3831 1257 3881 marche
1269 3831 1356 3882 habile
1368 3837 1395 3882 et

223 3918 334 3970 presque
357 3908 498 3959 insidieuse
523 3911 556 3960 de
574 3926 603 3960 sa
624 3910 779 3973 dialectique
798 3922 862 3973 pour
885 3910 1057 3974 comprendre
1081 3916 1215 3960 comment
1230 3912 1255 3961 la
1276 3911 1394 3963 moindre

223 3985 381 4039 deviation...
396 3990 458 4052 peut
471 3990 595 4040 conduire
609 4005 659 4040 aux
678 3993 872 4055 consequences
883 3991 922 4040 les
933 3990 991 4053 plus
1007 3990 1180 4042 inattendues.
1196 3992 1266 4042 C‘est
1280 4007 1327 4056 par
1343 4006 1394 4042 une

223 4064 353 4116 deviation
364 4070 396 4117 de
409 4084 438 4118 ce
453 4085 534 4133 genre
555 4085 605 4133 que
624 4069 705 4119 Boece
721 4069 867 4132 pervieutd
886 4070 978 4120 e'tablir
991 4087 1026 4120 un
1046 4073 1108 4134 lieu,
1122 4087 1193 4122 assez
1210 4073 1310 4137 fragile,
1323 4074 1341 4122 il
1354 4079 1394 4122 est

223 4146 286 4206 vrai,
301 4152 375 4198 entre
387 4149 511 4198 l'homme
524 4153 551 4197 et
561 4149 586 4198 le
597 4151 662 4199 Dleu
674 4149 736 4214 qu'il
749 4165 814 4200 nous
826 4165 841 4200 a
851 4152 962 4201 montre.
979 4151 1064 4202 L’idee
1079 4154 1112 4202 de
1124 4154 1198 4212 Diem
1210 4154 1282 4202 selon
1294 4153 1340 4212 lui,
1354 4160 1394 4204 est

222 4229 349 4294 adaquata
369 4230 384 4280 ai
405 4231 470 4280 celle
495 4232 530 4279 du
551 4231 687 4280 souverain
708 4232 771 4280 Bien
788 4236 814 4283 et
830 4233 893 4282 c’est
905 4248 950 4282 sur
965 4232 1093 4283 l’identite
1104 4233 1210 4283 absolue
1222 4234 1255 4283 de
1266 4248 1309 4284 eea
1321 4235 1392 4285 ἀειιιι

222 4310 378 4359 substancas
399 4311 472 4373 (llll,
498 4325 541 4359 car
564 4311 599 4358 tel
621 4315 662 4359 est
682 4311 706 4359 le
728 4326 789 4359 nom
809 4311 872 4374 qu'il
889 4313 975 4362 donne
991 4327 1024 4361 au
1036 4312 1172 4361 souverain
1187 4313 1250 4361 Bien
1262 4317 1391 4373 commea

223 4389 295 4446 Dian,
311 4391 395 4452 qu'est
406 4391 482 4440 tonde
496 4396 550 4440 tout
562 4406 609 4440 son
622 4391 735 4454 systema
749 4406 783 4441 eu
798 4392 905 4441 morale.
926 4410 935 4437 ι
955 4391 1048 4441 Mirum
1065 4406 1169 4454 prorsus
1185 4397 1389 4457 argumentum!

223 4467 250 4517 Si
260 4468 403 4520 substantia
415 4484 518 4519 summa
530 4471 596 4520 Boni
609 4477 635 4521 et
646 4472 790 4522 substantia
799 4473 846 4522 Dei
863 4478 924 4522 sunt
939 4487 990 4521 una
1002 4473 1145 4535 eademque
1158 4472 1310 4535 substantia,
1318 4474 1391 4538 juxta

222 4546 340 4597 Boetium
352 4563 359 4609 ;
371 4563 433 4613 ergo
439 4549 495 4612 jam
507 4563 560 4598 non
570 4550 698 4600 suutduoe
707 4551 876 4614 substantiae,
891 4556 918 4600 ut
930 4551 1063 4601 cavillatur
1074 4552 1203 4603 Uindicis
1209 4553 1242 4602 de
1254 4554 1388 4606 Mirandol.
