3240 5468
707 440 902 514 -101-

217 637 347 734 partes,
373 633 509 710 nemini
531 632 680 709 dubium
704 642 769 733 est,
797 632 857 733 qui
882 636 923 709 D.
952 634 1097 712 Thomae
1125 641 1388 718 commentariis

215 765 323 842 fidem
359 763 456 845 facit.
492 767 585 842 Dum
618 766 715 843 enim
747 775 1009 844 commentatur
1043 768 1189 847 librum
1227 772 1387 872 primum

215 897 422 998 Aristotelis
454 899 604 976 lectione
633 907 759 999 quarta
782 899 867 977 dicit
899 901 939 976 D.
967 902 1155 1002 Angelicus
1185 936 1193 982 ε
1225 906 1326 984 Unde
1350 915 1386 983 et

217 1032 347 1110 Littera
362 1031 473 1108 Boetii
492 1033 610 1134 habet,
629 1073 646 1106 «
664 1033 918 1116 decedentibus
934 1033 1040 1134 igitur
1055 1036 1099 1112 ad
1119 1059 1208 1138 opus
1230 1038 1386 1116 scicntia

212 1190 285 1266 prae
309 1190 426 1268 operae
452 1166 514 1243 viae
541 1191 620 1267 quae
638 1191 734 1244 nunc
758 1177 812 1245 cst
835 1167 972 1268 aliquid
996 1168 1072 1245 erit.
1103 1199 1118 1232 »
1148 1170 1223 1245 ,ilia
1251 1173 1387 1249 Littera

212 1295 402 1396 habet¹....,
429 1306 495 1376 eto.
522 1301 571 1375 Ex
595 1300 725 1399 quibus
750 1309 847 1400 patet
870 1300 1034 1377 Boetium
1061 1307 1243 1378 auctorem
1272 1302 1386 1382 fuisse

211 1431 330 1508 latinae
345 1431 534 1534 cujusdam
550 1432 722 1510 versionis
740 1432 1060 1533 Metaphysicorum
1077 1433 1287 1531 Aristotelis,
1304 1461 1384 1536 quae

210 1564 327 1642 adhuc
360 1565 396 1641 in
429 1590 497 1642 usu
524 1572 600 1643 erat
624 1573 782 1665 tempore
806 1565 1007 1665 Aquinatis,
1033 1590 1127 1643 nunc
1158 1576 1279 1644 autem
1308 1593 1382 1650 non

209 1699 365 1801 amplius
380 1699 572 1778 invenitur.

261 1837 311 1910 Er
326 1833 709 1932 doctrinadrislotelis,
722 1841 756 1912 et
771 1857 844 1912 non
859 1859 902 1912 ex
916 1832 1179 1912 Platonicorum
1189 1838 1383 1916 etAlexan·

207 1969 394 2046 drinorum
414 1968 642 2070 dogmatibus
658 1992 761 2045 suam
777 1970 1037 2069 Philosophiam
1047 1971 1201 2068 primurn
1215 1967 1382 2050 hausisse

207 2103 352 2179 Boetius
376 2102 529 2178 videtur.
554 2105 597 2176 Et
618 2103 797 2179 immerito
820 2103 1023 2202 inculpatur
1046 2128 1068 2179 a
1092 2104 1226 2200 Prantl,
1254 2106 1293 2180 in
1318 2128 1383 2183 sua

205 2237 340 2334 Lopicc
369 2237 545 2324 Historia,
572 2237 675 2335 quasi
708 2266 723 2300 α
754 2237 898 2314 formali
922 2244 1119 2333 tantumet
1145 2239 1383 2341 antiphiloso·

206 2369 310 2470 phico
329 2369 563 2447 fundamento
583 2370 732 2467 steterit,
752 2393 792 2445 ao
807 2370 947 2446 nullum
962 2369 1061 2446 aliud
1074 2371 1214 2448 saeculis
1230 2396 1380 2474 sequen-

206 2503 298 2581 tibus
319 2502 535 2582 tradiderit2.
560 2535 575 2569 »
608 2501 749 2580 Etenim
775 2511 984 2606 promptum
1008 2514 1063 2583 est
1089 2505 1253 2583 Boetium
1278 2531 1382 2608 pers·

205 2639 343 2740 perisse
358 2639 509 2739 logicam
526 2662 597 2715 non
617 2663 695 2716 osse
715 2646 857 2715 tantum
878 2640 1062 2739 signorum
1077 2647 1189 2717 artem
1206 2664 1248 2717 ac
1267 2664 1377 2718 voca·

203 2770 368 2846 bulorum
397 2771 586 2847 sedetiam
615 2771 850 2871 philosophiae
874 2781 1025 2872 partem,
1047 2780 1155 2873 alque
1176 2773 1377 2852 universale

204 2905 270 2981 sub
295 2904 428 3006 duplici
453 2905 739 2982 consideratione
758 2904 888 3004 inquiri
909 2929 1025 3006 posse,
1049 2929 1179 3006 nempe
1202 2915 1241 2982 ut
1263 2932 1376 2983 cuum

203 3052 321 3138 aprum
336 3055 462 3114 runssa
477 3039 609 3132 moltis,
622 3046 960 3138 etutununnplum
970 3053 1178 3114 namurcum
1188 3041 1374 3136 loculum

197 3175 382 3274 proditori
397 3182 515 3251 autern
528 3175 631 3273 juxta
648 3180 760 3250 totam
777 3171 1090 3268 Scholam,Boetio
1106 3173 1208 3276 duce,
1219 3176 1374 3275 sequitur

201 3309 245 3383 orl
260 3333 343 3398 csse,
362 3315 464 3385 otest
481 3306 618 3406 Logieae
637 3307 828 3406 objectum.

255 3443 344 3541 Ergo
355 3443 456 3541 juxta
476 3440 652 3539 Boetium,
677 3441 1033 3516 Prodicomcutorupt
1056 3439 1219 3516 doctrina
1241 3441 1372 3541 partim

198 3576 244 3652 ad
267 3573 431 3674 logicam,
459 3572 589 3677 partim
615 3573 660 3650 ad
689 3573 971 3673 metaphysioom
1000 3572 1164 3674 pertinet.
1190 3577 1300 3650 Prout
1327 3575 1372 3651 ad

198 3706 347 3808 logicam
368 3706 546 3810 pertinent
566 3706 854 3808 praedicamenta,
870 3729 943 3782 non
964 3712 1048 3782 sunt
1066 3705 1135 3781 nisi
1163 3733 1177 3768 α
1203 3706 1371 3805 quaedam

196 3864 326 3942 genera
350 3840 649 3941 prodicoliliuru;
683 3869 697 3902 »
737 3847 843 3940 prout
872 3847 994 3916 autem
1018 3840 1063 3915 ad
1089 3839 1369 3942 metaphysioom

229 4152 238 4187 ¹
260 4150 366 4202 Thomae
379 4151 485 4216 Aquin,
504 4151 592 4215 Opera
610 4151 718 4215 Omnia,
732 4152 817 4213 Vives,
832 4151 916 4212 Paris,
941 4151 1011 4216 1875,
1030 4158 1048 4201 t.
1067 4151 1155 4211 XXIV,
1173 4165 1198 4215 p.
1216 4153 1272 4213 352,
1286 4152 1317 4201 cf.
1332 4151 1370 4202 La

195 4233 343 4297 occupans.
358 4233 511 4295 ditrictae,
527 4248 574 4297 par
586 4237 694 4285 Pierron
708 4242 733 4286 et
745 4236 844 4297 Zdvort,
857 4234 945 4296 Paris,
962 4234 1029 4284 tato.
1044 4233 1161 4294 immol!
1177 4233 1273 4284 CXXX.

183 4374 186 4377 Α
228 4312 382 4363 ¹Boethius
411 4314 479 4364 doeh
506 4329 556 4364 nur
585 4317 632 4365 aul
655 4317 715 4365 dem
746 4314 1009 4380 unphilosophisehen
1038 4313 1090 4364 und
1117 4314 1243 4364 formalen
1272 4314 1368 4366 Schul-

194 4394 371 4458 Standpuncte
394 4395 482 4445 seiner
501 4396 649 4454 Zeitsteht,
662 4398 714 4446 und
735 4397 817 4447 daher
837 4397 904 4446 auch
923 4396 1018 4446 keinen
1034 4396 1133 4445 andern
1150 4396 1189 4445 als
1205 4396 1295 4446 diesen
1315 4398 1368 4447 den

192 4473 331 4540 folgenden
341 4475 554 4526 lahrhunderten
570 4477 764 4529 ueherlielert...
784 4476 948 4540 (Gesclrichle
964 4477 1013 4526 der
1032 4475 1111 4539 Lopilc
1125 4475 1163 4526 lm
1180 4474 1365 4530 Abenollundc.

193 4554 305 4622 Leipzig,
318 4554 389 4621 1855,
402 4559 422 4606 t.
434 4555 454 4618 Ι,
468 4570 493 4620 p.
511 4555 574 4621 680).
