3240 5468
753 417 954 492 -tto-

269 613 341 688 rius
370 611 407 686 in
436 610 545 687 Boetii
580 608 697 686 verbis
726 610 946 702 latitantem3
980 609 1061 689 hac¹
1080 619 1204 687 autem*
1233 612 1447 692 inventione

266 743 430 820 omnium
463 740 709 841 theologorum
738 741 775 817 in
807 767 844 819 se
873 742 1068 820 cachinnos
1097 744 1188 821 tollit
1222 769 1232 813 τ
1270 778 1286 812 α
1322 749 1444 846 Pater,

268 877 396 977 inquit,
416 876 542 952 creauit
561 873 707 974 quidem
727 877 868 977 Filium,
889 885 1039 978 uterque
1060 878 1233 979 Spiritum
1253 891 1446 979 sanctum3

159 1084 163 1091 .
268 1013 329 1090 sed
348 1010 590 1112 incorporales
610 1019 705 1108 sunt,
727 1022 844 1112 quare
856 1011 943 1088 locis
962 1036 1034 1087 non
1054 1012 1190 1090 distant
1204 1022 1239 1090 et
1253 1014 1320 1090 hac
1337 1004 1449 1093 dille-

268 1148 379 1225 rentia
396 1146 569 1224 sublata«
593 1144 780 1245 pluralitas
800 1183 813 1217 s
833 1143 978 1219 tollitur.
1006 1179 1021 1211 υ
1419 1248 1422 1251 ¹

252 1328 255 1332 ι
321 1281 383 1357 Vel
399 1302 520 1358 crassa
535 1278 705 1355 doctrinae
720 1277 923 1354 christianae
938 1266 1140 1378 ignorantia
1159 1280 1297 1357 laborat
1317 1280 1448 1359 Obba·

257 1409 1002 1514 rius,velinepteinBoetiumcarillatnr.
1418 1404 1422 1408 ’

322 1545 518 1623 Audiamus
549 1553 670 1622 autem
704 1544 818 1621 Boetii
851 1543 1024 1621 solemnia
1059 1546 1164 1622 rerba
1194 1581 1204 1624 :
1238 1578 1253 1611 r
1285 1550 1449 1631 Omnino

268 1683 364 1760 enim
389 1705 517 1781 magna
542 1678 673 1779 regulae
693 1687 745 1754 est
772 1678 901 1754 veritas
924 1711 933 1755 ε
960 1679 999 1754 iu
1024 1679 1132 1757 rebus
1156 1669 1450 1783 incorporalibus

268 1816 454 1893 distantias
473 1813 568 1891 effici
583 1812 792 1890 differentiis
812 1836 886 1888 non
905 1812 1004 1894 locis.
1027 1814 1146 1915 Neque
1165 1818 1358 1896 accessisse
1373 1820 1449 1898 dici

270 1955 385 2051 potest
411 1948 547 2049 aliquid
572 1949 646 2022 Deo
673 1959 710 2021 nt
738 1948 841 2022 Pater
865 1947 988 2042 fieret3
1018 1973 1090 2025 non
1114 1949 1210 2026 enim
1234 1952 1341 2053 coepit
1366 1978 1450 2032 esse
1492 2021 1494 2024 Α

270 2106 428 2182 unquam
452 2085 567 2181 Pater,
593 2105 635 2158 eo
660 2079 758 2180 quod
786 2081 1032 2159 substantialis
1057 2083 1201 2183 quidem
1226 2085 1259 2162 ei
1279 2093 1333 2164 est
1353 2112 1448 2189 pro-

270 2217 390 2294 ductio
410 2216 499 2317 Filii,
519 2215 666 2294 relativa
684 2241 768 2294 vero
792 2217 998 2318 praedicatio
1017 2219 1144 2316 Patris,
1161 2244 1202 2297 ac
1222 2221 1251 2296 si
1271 2223 1451 2302 momine·

268 2353 383 2429 rimus
405 2350 568 2428 omniurn
588 2351 625 2427 in
641 2352 820 2451 prioribus
840 2353 884 2428 de
900 2354 973 2429 Deo
990 2353 1261 2454 sententiarum,
1278 2357 1326 2432 ita
1342 2358 1450 2458 cogi-

270 2496 385 2564 temus
409 2485 626 2587 processisse
651 2485 796 2585 quidem
819 2511 859 2563 ex
879 2488 953 2564 Deo
977 2491 1081 2564 Patre
1105 2488 1238 2565 Filium
1262 2491 1389 2587 Deum,
1411 2501 1451 2568 et

269 2646 312 2697 ex
333 2619 494 2720 utrisque
518 2620 690 2722 Spiritum
707 2621 891 2702 Sanctum
913 2624 985 2698 Hos
1004 2623 1175 2723 quoniam
1198 2623 1449 2723 incorporales

270 2755 352 2851 sint,
368 2755 517 2832 minime
530 2754 617 2831 locis
632 2755 786 2855 distare3
803 2757 975 2858 quoniam
991 2781 1075 2834 vero
1091 2758 1196 2834 Pater
1210 2759 1317 2857 Dens,
1329 2757 1450 2834 Filius

270 2889 365 2965 Deus
394 2897 429 2965 et
456 2889 612 2991 Spiritus
643 2893 794 2967 Sanctus
825 2891 931 2988 Deus,
958 2892 1051 2968 Deus
1080 2915 1163 2967 vero
1192 2890 1308 2967 nullas
1336 2891 1452 2967 habet

271 3024 488 3102 differentias
512 3025 641 3124 quibus
664 3025 804 3102 differat
828 3027 872 3101 ab
895 3027 981 3125 Deo,
1002 3050 1022 3102 a
1046 3024 1145 3101 nullo
1170 3049 1295 3101 eornm
1312 3024 1448 3102 differt·

271 3159 485 3237 Differentiae
519 3187 602 3240 vero
635 3163 694 3238 ubi
717 3164 857 3259 absunt,
884 3163 984 3238 abest
1013 3160 1222 3261 pluralitas3
1252 3162 1311 3237 nbi
1343 3161 1451 3238 abest

270 3290 470 3392 pluralitas,
491 3293 591 3368 adest
611 3295 727 3370 unitas
747 3327 755 3371 :
779 3293 865 3369 nihil
891 3302 1011 3370 autem
1035 3293 1131 3371 aliud
1152 3295 1247 3395 gigni
1267 3294 1386 3394 potuit
1404 3319 1450 3370 ex
1514 3382 1522 3395 Ι

271 3426 345 3500 Deo
361 3425 428 3500 nisi
445 3426 551 3524 Deus,
567 3435 601 3504 et
614 3429 650 3503 in
666 3427 772 3504 rebus
787 3428 1070 3505 numerabilibus
1085 3427 1248 3529 repetitio
1264 3427 1451 3503 unitatum

272 3582 343 3634 non
358 3559 442 3636 lacit
456 3561 571 3637 modis
590 3562 758 3637 omnibus
778 3561 1029 3661 pluralitatem.
1051 3563 1172 3638 Trium
1195 3561 1302 3662 igitur
1316 3559 1451 3654 idonee

272 3694 461 3770 constituta
483 3705 536 3771 est
553 3696 669 3771 unitas
679 3694 704 3773 ⁹.
725 3732 740 3762 »
1353 3703 1356 3708 ’

277 3886 606 3898 -—-—-...—..——--...-...

308 3973 317 4006 ¹
339 3973 453 4036 Proteg,
465 3989 489 4036 p.
505 3974 583 4024 XXII.

307 4056 318 4087 2
339 4054 380 4104 De
402 4055 540 4117 Trinitat,
565 4071 621 4119 cap.
642 4058 672 4107 V.
693 4059 780 4108 Liceat
801 4058 875 4107 nohis
895 4058 965 4107 huno
985 4055 1069 4107 Boetii
1085 4070 1190 4119 passum
1202 4055 1341 4106 vernacula
1355 4056 1449 4122 lingua

273 4137 402 4201 explicare
419 4136 477 4186 :En
490 4136 642 4200 appliquaut
659 4138 674 4188 a
693 4138 854 4202 l'exposition
875 4139 907 4186 de
927 4139 952 4187 la
972 4137 1090 4187 doctrine
1113 4152 1158 4188 sur
1173 4137 1199 4191 la
1211 4136 1294 4189 sainte
1305 4137 1406 4187 Triuite
1421 4139 1450 4191 la

273 4217 403 4281 categoria
424 4217 457 4267 de
478 4218 502 4267 la
524 4219 643 4284 relation,
659 4219 741 4269 Boece
754 4233 816 4283 pose
831 4233 860 4268 ce
872 4219 1007 4282 principe:
1027 4232 1040 4265 u
1051 4218 1108 4269 Une
1120 4216 1230 4266 relation
1247 4216 1361 4280 n’ajoute
1375 4217 1449 4280 rien,

276 4315 285 4342 r
304 4298 422 4346 n’cnlere
439 4298 506 4361 rien,
530 4313 564 4348 ne
587 4299 688 4365 change
709 4301 766 4351 rien
790 4300 805 4350 ir
825 4302 850 4350 la
864 4299 941 4349 chose
955 4301 987 4350 de
1001 4299 1113 4363 laquelle
1127 4297 1177 4347 elle
1190 4302 1230 4346 est
1247 4297 1384 4360 affirmee3
1399 4313 1450 4348 car

276 4397 285 4421 r
305 4380 355 4427 elle
372 4379 484 4428 consiste
497 4385 554 4430 tout
565 4381 675 4441 enuere,
690 4394 743 4428 non
754 4380 827 4443 point
839 4381 903 4430 dans
917 4382 1042 4431 l'essence
1054 4382 1087 4430 de
1100 4384 1167 4429 cette
1184 4379 1273 4440 chose,
1294 4377 1360 4428 mais
1378 4379 1449 4430 dans

276 4474 285 4499 n
305 4469 332 4503 sa
345 4455 462 4504 meniere
476 4457 566 4518 d’etre,
581 4460 666 4522 quand
681 4473 714 4506 on
728 4459 752 4508 la
766 4472 894 4522 compare,
908 4460 958 4510 soit
974 4460 988 4508 a
1005 4475 1039 4507 nn
1051 4464 1125 4509 autre
1137 4463 1230 4516 termo,
1244 4457 1294 4506 soit
1307 4471 1339 4506 au
1355 4459 1449 4507 meme

277 4551 286 4576 a
305 4537 397 4582 terme.
411 4533 539 4597 Supposez
552 4550 586 4584 en
599 4537 660 4587 ellet
671 4553 721 4602 que
733 4540 872 4602 quelqu'un
887 4540 936 4602 soit
949 4540 973 4608 la
984 4541 1081 4600 teuent
1092 4555 1099 4604 3
1112 4538 1135 4602 si
1144 4538 1172 4603 je
1183 4538 1255 4596 ciens
1272 4552 1314 4589 me
1327 4538 1418 4616 placer
1433 4539 1449 4588 a
