3240 5468
674 401 849 470 ...13-

179 584 435 662 adolescentuli
449 585 582 687 ingenii
597 586 671 664 vim
685 610 727 664 ac
743 589 925 697 solertiam
939 598 1110 688 testatur,
1129 591 1222 668 bano
1238 593 1275 667 in
1291 593 1349 668 in-

178 727 276 818 tegro
292 717 424 796 referre
443 718 558 820 liceat,
578 719 662 819 quia
688 720 817 797 thesim
843 732 1003 799 nostram
1027 723 1071 801 de
1090 725 1213 801 Boetio
1233 726 1349 800 cbris-

177 851 276 930 tiano
295 852 371 930 viro
394 829 852 954 magnopereconfirmare
875 855 1016 933 ridetur
1041 890 1050 936 z
1080 891 1095 924 «
1130 857 1183 934 'lu
1211 857 1248 934 in
1277 884 1347 955 me,

182 1019 198 1053 s
231 986 503 1063 emendatissime
533 987 738 1089 bominum,
768 987 926 1087 dignaris
954 989 1148 1089 praedicare
1185 990 1347 1091 virtutes,

181 1153 198 1188 s
230 1144 338 1218 quem
353 1121 392 1196 in
407 1121 511 1198 annis
527 1121 734 1223 puerilibus,
751 1122 829 1200 sine
846 1123 960 1201 aetatis
980 1124 1207 1226 prejudicio,
1228 1124 1347 1202 indus·

181 1287 198 1320 »
229 1243 409 1333 triniacit
437 1255 648 1356 antiquum3
668 1257 730 1358 qui
757 1282 821 1359 per
840 1257 1060 1358 diligentiam
1085 1257 1212 1360 imples
1237 1281 1345 1336 omne

180 1421 198 1455 »
228 1388 325 1487 quod
340 1388 497 1489 cogitur3
513 1390 571 1466 oui
589 1389 681 1468 inter
705 1391 786 1471 vitae
809 1391 955 1470 exordia
977 1391 1086 1468 ludus
1109 1399 1163 1467 est
1187 1389 1346 1467 lectionis
1429 1404 1431 1407 ’

181 1557 198 1590 ι
230 1520 436 1620 assiduitas,
457 1531 492 1600 et
510 1522 645 1601 deliciae
669 1524 780 1601 sudor
803 1525 959 1622 alienus,
984 1526 1024 1603 in
1047 1525 1152 1624 cujus
1176 1523 1346 1600 manibus

181 1690 197 1724 »
229 1655 412 1758 duplicato
437 1656 519 1758 igne
537 1657 672 1760 rutilat,
692 1683 765 1757 qua
784 1667 921 1738 veteres
939 1657 1018 1737 iace
1040 1659 1239 1750 lulserunt3
1260 1679 1345 1733 nam

163 1773 195 1853 'r
225 1790 323 1889 quod
347 1791 404 1868 vix
431 1791 629 1891 maioribus
656 1793 751 1870 cirea
782 1793 1045 1870 extremitatem
1071 1793 1152 1870 vitae
1180 1789 1344 1891 contigit,

179 1954 194 1986 »
226 1923 293 1999 hoc
313 1923 377 1999 tibi
395 1923 554 2000 abundet
574 1924 612 2000 in
626 1924 763 2002 limine.
784 1930 874 2003 Vere
893 1924 1023 2004 dedisti
1042 1923 1200 2038 pretinm
1218 1921 1346 2023 loqua-

180 2092 196 2125 ι
228 2057 325 2135 citati
345 2082 445 2156 meae,
462 2057 550 2135 dum
565 2058 827 2138 desiderantem
848 2053 1051 2161 colloquuta
1067 2057 1206 2160 primus
1226 2080 1346 2157 aggre-

178 2226 195 2261 »
227 2192 333 2269 deris.
360 2195 436 2268 Deo
455 2193 601 2291 pretias,
627 2194 690 2293 qui
710 2183 857 2272 occultis
881 2193 1068 2271 itineribus
1092 2191 1136 2267 de
1159 2190 1347 2290 propinqui

179 2359 195 2392 »
228 2349 290 2403 ros
308 2325 510 2405 necessaria
525 2317 710 2406 affectione
729 2320 923 2406 commorit
932 2329 956 2408 ¹.
977 2363 994 2396 »

229 2461 317 2535 Cum
332 2467 430 2537 tanto
447 2448 565 2538 studio
581 2449 748 2561 flagraret
764 2463 909 2542 Boetius
926 2462 964 2539 in
976 2462 1105 2539 litteris
1119 2455 1345 2537 addiscendis

176 2600 384 2695 tantamque
404 2594 625 2696 diligentiam
640 2604 674 2673 et
694 2596 909 2675 industriam
931 2590 969 2672 in
989 2594 1087 2672 omni
1111 2591 1344 2673 scientiarum

93 2789 96 2793 .
174 2737 282 2830 atque
298 2728 429 2805 artium
454 2753 584 2830 genere
612 2730 849 2831 impenderet,
878 2729 934 2808 vix
958 2723 1168 2828 intelligitur
1185 2727 1345 2826 ipsuma

175 2848 342 2943 doctrina
360 2864 555 2943 christiana
571 2854 821 2965 abhorruisse,
843 2873 988 2962 tamque
1008 2859 1198 2959 cujuslibet
1214 2859 1292 2937 ueri
1309 2870 1345 2934 et

172 2999 259 3076 recti
284 2993 455 3098 cupidum
479 2998 665 3099 ingenium
688 3021 710 3075 a
737 2996 914 3076 catechesi
939 2994 1135 3071 christiana
1159 2991 1344 3087 erul'asse3

206 3281 216 3315 ¹
239 3281 350 3331 Ennodii
360 3280 472 3346 epistol,
484 3282 530 3334 lib.
541 3280 597 3344 Vll,
609 3294 650 3345 ep.
662 3281 737 3344 Xlll;
750 3279 846 3344 migne,
858 3283 922 3328 tom.
935 3277 1024 3341 LXIII,
1034 3277 1083 3328 col.
1096 3274 1152 3326 lna
1162 3275 1266 3326 -Cum
1276 3275 1346 3354 eirca

172 3362 300 3424 quosdam
310 3361 388 3424 hujus
400 3362 516 3426 epistolae
526 3361 672 3412 dictionum
684 3375 776 3412 sensus
789 3373 843 3410 non
853 3358 1018 3409 consentiant
1029 3371 1130 3420 omnes,
1143 3360 1269 3417 nostram,
1279 3368 1343 3419 que-

171 3441 318 3504 liscumque
330 3441 373 3502 sit,
386 3441 414 3491 in
424 3442 541 3492 medium
552 3441 647 3500 afferre
658 3441 736 3491 liceat
746 3439 953 3491 translationem.

420 3557 579 3609 Ennodiusa
595 3559 689 3619 Boeoe,

202 3655 273 3706 Vous
285 3653 403 3720 designer,
416 3656 432 3705 ὃ
444 3656 469 3706 le
481 3656 539 3720 plus
555 3655 684 3717 accompli
696 3652 742 3704 des
753 3653 883 3711 hommes,
898 3654 972 3702 louer
988 3663 1022 3700 en
1034 3650 1087 3700 moi
1103 3648 1230 3714 quelques
1246 3654 1343 3712 vertas,

171 3746 235 3782 rous
244 3732 297 3796 qui,
311 3733 357 3782 des
369 3738 441 3784 notre
455 3734 635 3794 adolescenee,
647 3747 708 3782 avez
717 3746 757 3795 su,
769 3744 830 3781 sans
841 3728 898 3781 rien
909 3730 1002 3794 perdre
1013 3730 1061 3780 des
1068 3734 1207 3794 evanmges
1219 3731 1252 3782 du
1262 3731 1343 3794 jeune

171 3812 228 3876 age,
243 3811 396 3862 atteindreir
408 3813 433 3863 la
446 3814 591 3877 perlection
601 3815 648 3864 des
659 3812 790 3862 vieillards
801 3828 809 3876 3
821 3826 885 3861 rous
895 3810 939 3874 qui
953 3810 986 3860 de
996 3811 1164 3860 vous-meme
1178 3825 1240 3861 vous
1257 3815 1343 3874 portez

172 3904 230 3941 vers
247 3901 291 3940 ess
304 3890 443 3942 difficultas
453 3906 503 3956 que
522 3893 548 3942 la
562 3893 708 3943 eontrainte
723 3893 795 3943 seule
805 3891 851 3941 fait
862 3891 973 3941 aborder
990 3904 1040 3940 aux
1059 3895 1161 3955 autres3
1175 3890 1228 3954 qui,
1241 3891 1288 3941 des
1299 3905 1344 3940 vos

172 3973 315 4035 premieres
337 3973 451 4034 annees,
472 3987 536 4023 vous
551 3975 606 4024 eres
627 3973 672 4022 salt
695 3987 731 4023 un
747 3973 794 4034 jeu
813 3973 860 4021 des
876 3972 991 4021 lectores
1005 3970 1149 4031 serieuses,
1170 3985 1204 4020 en
1224 3974 1345 4021 trouvent

171 4064 217 4100 vos
238 4050 336 4100 deliees
356 4051 422 4101 dans
442 4065 471 4100 ce
488 4052 532 4114 qui
555 4052 666 4101 acoute'
688 4051 727 4100 les
745 4051 803 4113 plus
821 4049 940 4114 penibles
958 4051 1070 4101 labeum.
1090 4051 1170 4100 Entre
1189 4065 1235 4100 ros
1259 4051 1344 4100 mains

171 4129 196 4178 le
210 4128 341 4180 flambeau
354 4131 385 4181 de
406 4130 551 4195 l'antiquite
567 4147 680 4198 raycnne
701 4133 763 4182 d’un
784 4132 878 4182 double
890 4132 966 4192 eolat,
986 4145 1030 4181 car
1048 4136 1111 4181 vous
1122 4146 1183 4181 avez
1195 4131 1341 4193 accruuule¹

171 4207 218 4259 des
232 4210 256 4259 le
267 4211 347 4260 debut
356 4212 389 4260 de
400 4215 472 4260 votre
485 4212 535 4272 vie,
547 4226 577 4263 oe
589 4227 641 4276 que
651 4213 690 4262 les
701 4211 758 4275 plus
768 4211 830 4275 ages
840 4212 979 4274 possedant
989 4211 1003 4260 a
1014 4211 1090 4275 peine
1102 4225 1136 4260 au
1147 4216 1231 4261 terme
1241 4212 1276 4259 de
1286 4211 1344 4260 leur

171 4290 293 4341 carriere.
310 4291 330 4340 ll
343 4296 383 4341 est
394 4292 463 4342 donc
472 4293 525 4342 vrai
538 4307 589 4357 que
604 4306 668 4342 vous
679 4291 795 4351 attachez
809 4291 921 4354 quelque
933 4290 989 4353 prix
1005 4289 1021 4339 b
1038 4303 1102 4339 mon
1113 4289 1234 4353 verbiage
1246 4289 1342 4353 episto·

172 4368 244 4431 laire,
259 4369 369 4433 puisque
386 4384 450 4420 vous
470 4371 637 4436 m'euprimen
657 4371 682 4420 le
703 4370 773 4421 desir
795 4370 828 4420 de
842 4384 905 4421 vous
924 4369 1068 4419 entreteuir
1087 4383 1149 4419 avec
1167 4369 1229 4419 moi.
1250 4368 1344 4419 Graues

172 4447 257 4496 soient
269 4448 379 4498 rendues
401 4449 416 4498 a
435 4449 509 4510 Dieu,
522 4446 576 4513 qui,
596 4447 642 4512 par
656 4448 689 4497 de
703 4443 817 4499 secretes
831 4448 910 4510 voles,
929 4444 993 4496 icus
1011 4461 1026 4496 a
1044 4446 1141 4497 touche
1161 4448 1194 4498 de
1206 4446 1343 4500 l’affection

171 4526 296 4589 prosonde
308 4542 360 4592 que
375 4541 438 4581 vous
452 4534 526 4593 porte
538 4529 592 4580 l'un
602 4519 636 4579 de
647 4541 691 4579 ros
703 4518 814 4591 proches
825 4531 938 4592 parents.
