3240 5468
701 450 901 525 ..136-

217 644 272 720 hic
296 651 417 721 autem
440 640 581 742 singula
605 642 690 718 lidei
708 642 876 742 dogmata
895 642 1130 743 explicantur.
1151 646 1244 745 Ergo
1262 656 1389 727 auctor

218 773 471 855 Consolationis
494 774 588 850 alius
614 780 669 850 est
697 797 739 851 ac
767 781 891 850 auctor
919 774 1044 851 Libelli
1069 779 1109 852 dc
1133 779 1200 877 pido
1224 782 1389 858 catholico

217 918 268 1013 (p.
291 909 394 1011 168).
417 949 435 986 a
458 913 576 1001 Quare
593 907 690 986 enim
709 907 851 984 Boetius
868 932 941 984 uou
959 911 1122 987 consulto
1138 911 1332 991 instituerit
1347 941 1390 993 ex

218 1068 316 1122 mera
335 1043 572 1148 philosophiae
591 1042 739 1119 scientio
757 1041 959 1119 remedium
978 1044 1186 1146 exprimere,
1206 1077 1221 1110 α
1245 1072 1331 1148 quo,
1353 1062 1391 1126 ut

218 1179 267 1255 ait
291 1181 448 1256 loannes
470 1176 756 1273 Sarisbcriensis,
783 1177 992 1256 exulceratis
1016 1180 1126 1281 hujus
1149 1181 1392 1278 aetatismen·

220 1312 315 1390 tibus
329 1313 526 1412 medeatur,
545 1347 561 1378 2»
579 1311 685 1387 itaut
703 1343 718 1377 α
737 1335 802 1388 neo
818 1310 963 1386 ludaeos
977 1311 1135 1411 quidem,
1150 1337 1217 1389 nec
1233 1313 1388 1414 Graeous,

217 1447 280 1526 sud
290 1460 460 1549 protecto
474 1445 664 1544 rolipiouis,
677 1444 863 1522 medicinae
878 1444 1033 1522 declinet
1046 1447 1204 1523 usum¹t
1224 1478 1238 1512 r
1260 1449 1390 1527 Annon

221 1577 312 1655 riam
337 1575 421 1658 fidei
445 1578 652 1654 veritatibus
679 1577 819 1680 aperuit
844 1578 988 1656 Boetius
1020 1603 1113 1678 cum,
1148 1581 1242 1658 inter
1270 1591 1390 1658 tantas

219 1713 328 1814 hujus
352 1712 522 1815 temporis
542 1712 775 1810 calamitates
797 1736 861 1791 nec
881 1712 1005 1790 deesse
1023 1714 1126 1790 honis
1150 1714 1301 1814 praemia
1325 1740 1391 1794 noc

221 1848 326 1926 malis
345 1872 483 1949 poenas,
498 1848 535 1923 in
551 1870 616 1923 sno
632 1846 676 1923 de
697 1841 940 1927 Consolatione
955 1847 1189 1949 philosophiae
1209 1858 1284 1924 tam
1305 1873 1393 1950 prae

221 1981 317 2058 claro
328 1980 418 2059 libro
433 1982 651 2059 firmissimis
665 1981 885 2082 argumentis
901 1982 1201 2061 demonstravit²l
1217 1983 1254 2060 Si
1269 1993 1393 2065 autem

222 2119 317 2193 Deus
333 2141 395 2218 per
413 2140 515 2192 suam
534 2116 799 2195 Providentiam
819 2117 941 2194 omnia
959 2116 1003 2192 ad
1022 2139 1106 2193 suos
1129 2115 1219 2194 fines
1235 2117 1395 2218 ordinat,

222 2258 257 2326 et
273 2250 376 2329 istius
392 2250 638 2350 ordinationis,
651 2278 714 2355 per
730 2253 849 2332 media
861 2253 991 2331 idonea
1005 2252 1041 2328 in
1056 2252 1225 2355 temporis
1238 2253 1397 2330 decursu

223 2385 504 2483 subministrata,
535 2387 810 2488 exsecutionem,
842 2391 959 2466 causis
986 2390 1207 2468 naturalibus
1231 2389 1397 2486 mandat,

222 2544 373 2597 curnon
390 2521 535 2598 Boetius
564 2520 656 2598 hanc
684 2524 792 2600 etiam
821 2523 1011 2626 specialem
1043 2501 1112 2599 ltei
1129 2522 1398 2600 Providentiam

223 2654 512 2757 consideraverit,
528 2680 637 2756 quam
656 2691 671 2723 ιι
689 2657 1042 2735 Praedcstinationem
1059 2657 1214 2733 divinam
1234 2691 1248 2723 »
1273 2655 1401 2732 nomi-

224 2797 297 2885 nat,
309 2791 486 2889 cujusque
497 2789 675 2892 objectum
688 2800 722 2868 et
736 2792 819 2868 linis
835 2802 888 2869 est
905 2792 991 2869 visio
1007 2792 1071 2868 Dei
1084 2791 1277 2868 beatifica?
1294 2791 1404 2868 Hanc

224 2933 343 3001 autem
363 2923 538 3001 visionem
555 2926 803 3026 pulcherrimis
819 2925 873 3002 his
889 2927 1049 3003 versibus
1061 2935 1231 3002 exornat:

383 3233 426 3294 ua
439 3233 549 3293 sontem
562 3231 690 3294 lustrare
703 3232 783 3309 honi,
802 3233 850 3308 da,
865 3232 930 3293 luce
945 3240 1061 3312 reperta

384 3336 417 3398 ln
432 3346 461 3399 te
476 3335 652 3416 conspicuos
666 3337 757 3398 animi
773 3338 901 3419 deligere
915 3337 1005 3400 visus

383 3551 426 3613 Tu
440 3550 559 3632 requies
573 3551 731 3632 tranquilla
744 3552 812 3632 piis,
829 3552 869 3614 Te
884 3571 1006 3614 cernere
1021 3552 1101 3623 linis,

385 3657 578 3738 Principium,
594 3657 711 3734 vector,
727 3657 800 3736 Bur,
817 3658 938 3732 Semita,
954 3659 1110 3722 Terminus
1123 3658 1202 3720 idem
1218 3661 1243 3720 ³.

281 3948 377 4024 Visio
396 3959 514 4024 autem
539 3948 598 4024 Bei
617 3959 714 4025 extra
735 3949 967 4058 philosophiae
986 3950 1076 4024 fines
1091 3947 1206 4064 posita
1225 3954 1290 4043 est,
1312 3970 1406 4022 nec-

228 4108 298 4160 non
313 4091 348 4160 et
362 4083 479 4159 media
494 4082 540 4159 ad
558 4082 650 4159 hanc
669 4083 949 4183 adipiscendam.
971 4082 1064 4170 Quid
1082 4083 1190 4182 igitur
1212 4080 1346 4156 mirum
1371 4082 1404 4157 si

263 4410 272 4442 ¹
294 4407 389 4471 lligne,
405 4412 468 4456 tom.
482 4407 591 4469 CXCIX,
607 4408 657 4459 ool.
673 4407 727 4460 ota.

261 4489 273 4520 ¹
295 4485 410 4544 Conaot,
425 4487 466 4548 lv,
479 4502 518 4550 pr.
531 4488 554 4538 6.

263 4565 275 4597 ¹
296 4562 385 4642 ⁶⁰7¹&
396 4563 441 4626 ΙΙΙ,
454 4569 518 4616 met.
535 4567 561 4629 9,
