3240 5468
710 473 907 545 -rsa-

217 667 346 767 phem,
365 667 501 743 Platoni
519 678 553 745 ct
567 641 732 744 Eleaticis
747 667 951 765 adbaesisse,
962 667 1047 768 quid
1062 667 1193 744 mirum
1207 665 1237 743 si
1251 669 1393 744 Boetius

223 801 408 902 theologus
435 802 598 878 eamdem
627 801 804 904 exprimat
831 802 1046 880 sententiam
1073 826 1115 879 ac
1143 826 1221 880 sese
1246 784 1393 880 ut'vere

221 938 411 1012 eclectt'cuut
440 939 622 1037 praebeat?
652 937 755 1025 Quod
785 938 913 1014 attinet
945 937 991 1014 ad
1026 937 1271 1015 confusionem
1301 937 1394 1013 inter

221 1071 396 1148 vocabula
413 1094 524 1171 graeca
544 1080 687 1146 ὑπόστασις
702 1079 737 1150 et
755 1083 832 1139 tacta
849 1095 929 1170 quae
947 1073 992 1149 ad
1009 1073 1281 1173 significandam
1296 1075 1393 1148 subs·

222 1206 369 1281 tantiam
386 1207 406 1280 h
422 1206 550 1282 Graecis
571 1207 773 1306 promiscue
788 1216 1021 1308 usurpantur,
1039 1215 1073 1285 et
1092 1232 1246 1308 quorum
1267 1233 1394 1285 sensus

221 1341 364 1440 pendet,
386 1344 485 1441 juxta
510 1341 683 1438 Boetium,
711 1366 752 1417 er
780 1371 795 1403 α
823 1341 971 1417 arbitrio
993 1341 1182 1419 locutionis
1206 1321 1385 1418 ecclesias·

221 1471 301 1548 tica
317 1475 339 1572 ¹,
363 1508 378 1539 a
395 1474 469 1572 jam
488 1474 674 1550 admonuit
689 1475 731 1549 D.
748 1473 992 1574 Augustinus:
1014 1507 1029 1541 α
1049 1449 1160 1551 tlliter
1174 1475 1269 1552 enim
1285 1473 1394 1551 Graeci

221 1606 400 1707 accipiunt
418 1610 647 1683 substa-utinm
669 1632 778 1708 quarn
804 1608 917 1684 Latini
939 1641 947 1686 :
971 1632 993 1687 a
1012 1583 1140 1687 Graecis
1160 1609 1295 1686 dictum
1315 1618 1392 1686 est:

220 1764 293 1816 una
314 1741 481 1839 essentia,
499 1749 569 1817 tres
587 1743 844 1837 substantium
865 1743 997 1819 Latinis
1013 1751 1133 1820 autem
1149 1766 1219 1819 una
1236 1718 1393 1820 essentia

223 1883 294 1951 tres
305 1900 460 1974 persono
475 1874 497 1950 ⁹.
524 1917 538 1948 »
1100 1853 1103 1857 ⁷

276 2009 426 2086 Cuilibet
442 2020 561 2087 autern
580 2010 722 2086 Librum
742 2013 782 2087 dc
801 2015 959 2086 Persona
982 2025 1011 2087 ct
1031 2013 1176 2088 Natura
1197 2012 1393 2112 perlegenti

222 2143 451 2244 perspicuum
469 2154 522 2220 est
540 2143 736 2220 disserendi
757 2143 977 2242 methodum,
998 2143 1256 2222 sententiarum
1274 2146 1394 2222 brevi-

222 2285 347 2365 tatem,
369 2278 613 2377 orationisque
629 2278 928 2354 conformationes
944 2278 1018 2355 sive
1038 2302 1120 2355 cum
1140 2277 1394 2380 philosophicis

222 2411 334 2488 Boetii
351 2412 504 2512 scriptis,
521 2413 593 2488 sive
609 2436 690 2489 cum
707 2412 890 2514 opusculis
910 2411 1130 2511 theologicis,
1150 2413 1244 2489 inter
1262 2436 1300 2488 se
1319 2412 1393 2489 col-

223 2542 317 2639 latis,
336 2545 498 2645 apprime
514 2569 712 2622 consonare
727 2542 751 2623 ³.
767 2549 817 2621 Ex
834 2546 890 2622 his
910 2545 1109 2623 rationibus
1128 2545 1165 2621 in
1187 2571 1300 2624 unum
1320 2546 1395 2623 col-

221 2679 323 2756 lectis
353 2679 520 2756 standum
552 2680 745 2781 opinamur
772 2703 837 2780 pro
868 2680 1053 2756 authentia
1082 2681 1189 2781 bajus
1216 2680 1322 2780 Libri,
1352 2704 1393 2757 ac

222 2812 386 2889 Boetium
403 2823 584 2890 auctorem
600 2839 679 2891 esse
694 2815 891 2915 genuinum
906 2813 1175 2890 affirmandum.

280 2949 327 3022 lte
343 2956 470 3047 quarto
489 2948 685 3048 theologico
700 2945 894 3048 opusculo*
908 2970 1088 3049 perpauca
1103 2946 1260 3023 notanda
1276 2969 1394 3023 rema-

224 3091 322 3157 nent.
358 3081 507 3180 Segnius
539 3080 625 3157 illud
656 3081 796 3182 impetit
828 3081 1037 3157 Nitzschius.
1075 3079 1243 3168 Quinimo
1281 3078 1393 3156 multo

223 3216 328 3315 plura
354 3240 418 3314 pro
442 3218 520 3314 ejus
546 3214 698 3314 genuina
721 3237 742 3290 a
766 3215 888 3291 Boetio
912 3213 1048 3314 origine
1068 3224 1276 3316 argumenta
1295 3213 1395 3290 colli-

224 3375 306 3450 gere
328 3373 436 3448 quam
457 3351 613 3425 rationes
632 3351 829 3425 contrarias
844 3330 1025 3448 opponere
1040 3348 1175 3421 nititur.
1194 3349 1247 3421 rln
1262 3345 1349 3423 conl
1375 3391 1394 3402 -

224 3484 359 3558 tatione
383 3483 516 3581 indiget
540 3484 614 3558 baec
638 3482 771 3557 centies
796 3489 975 3557 recantata
1001 3479 1288 3578 argumentatio?
1315 3513 1329 3544 «
1352 3481 1393 3553 ln

225 3613 470 3692 Consolatione
488 3626 577 3692 tacet
593 3616 736 3691 Boetius
755 3614 798 3690 de
817 3613 900 3690 fidei
920 3612 1124 3690 christianae
1143 3611 1394 3711 dogmatibus,

992 3866 1393 3876 ———---—-.-1

258 4019 267 4053 ¹
288 4017 344 4070 Lih.
359 4023 429 4068 cont.
443 4017 574 4081 Eutych,
590 4031 612 4067 c.
629 4029 663 4066 tv.

257 4103 269 4133 ⁹
290 4100 330 4149 De
345 4099 454 4161 Trinit,
465 4099 511 4148 lib.
523 4097 578 4155 vlt,
592 4110 664 4147 c.1v.

258 4182 271 4214 ³
284 4181 357 4230 Hanc
365 4178 460 4227 miram
470 4177 665 4228 consonantiam
678 4177 732 4240 ipse
744 4178 839 4228 latetur
847 4177 995 4227 Nitzschius
1006 4193 1013 4227 :
1025 4191 1038 4224 a
1049 4176 1093 4225 Bei
1103 4188 1212 4224 unserer
1221 4173 1396 4238 abhandlung

223 4260 285 4310 kam
300 4275 355 4308 nun
367 4259 413 4308 das
424 4258 551 4308 viellache
570 4258 756 4324 Zuriickgehen
767 4260 814 4309 aul
822 4259 985 4324 griechische
1000 4255 1152 4308 Ausdriieke
1171 4256 1243 4306 dazu.
1261 4256 1320 4306 Man
1334 4256 1396 4306 liess

223 4338 280 4389 sich
292 4339 408 4388 dadurch
419 4353 452 4388 an
465 4337 506 4387 die
519 4339 749 4403 Uebersettungen
761 4339 807 4390 des
818 4339 941 4389 Boethius
951 4353 998 4389 aus
1014 4337 1162 4388 Aristoteles
1173 4338 1227 4388 und
1238 4336 1396 4401 Porphyrius

223 4420 391 4470 erinnem...
404 4418 568 4470 Auffallende
580 4419 732 4484 Anldaenge
744 4435 778 4470 an
790 4419 890 4470 Stellen
899 4434 945 4469 aus
952 4419 999 4470 des
1007 4418 1131 4469 Boethius
1142 4413 1254 4468 aechten
1265 4416 1395 4468 Schriften

225 4499 260 4562 (p.
273 4499 319 4550 tte
331 4505 358 4549 et
369 4498 432 4564 159).
447 4514 460 4546 r

258 4582 271 4616 ⁴
292 4579 332 4630 Dc
343 4579 410 4630 Fide
421 4579 566 4643 catholica,
577 4578 680 4644 Peiper,
694 4593 719 4644 p.
734 4578 840 4644 1753-
852 4579 947 4649 Migne,
961 4583 1025 4631 tom.
1039 4580 1123 4642 LXIV,
1137 4581 1186 4631 col.
1199 4579 1269 4635 ttae.
