3240 5468
727 434 902 504 ..14-

232 651 347 728 neque
379 626 582 728 symbolum
614 624 861 719 christianum,
893 631 932 699 ut
957 617 1222 698 catechumenis
1244 637 1287 694 aa
1317 640 1413 696 neo·

232 759 349 861 phytis
377 760 582 836 tradebatur
606 757 786 835 didicisse.
819 753 1004 833 Contraria
1035 751 1212 829 sententia
1245 749 1408 827 tenenda

230 902 295 991 est,
317 893 344 970 si
362 893 406 971 de
424 893 537 970 Boetii
557 916 639 970 eum
659 889 867 967 Rusticiana
891 883 1097 989 Symmachi
1123 883 1196 960 iiiia
1214 881 1407 960 connubio

231 1026 561 1128 quantulacumque
587 1023 772 1102 reddenda
799 1022 891 1100 ratio
913 1028 981 1100 est.
1004 1020 1054 1096 De
1082 1040 1154 1117 quo
1181 1017 1218 1093 in
1241 1038 1407 1115 sequeu-

230 1160 326 1238 tibus
341 1159 555 1238 narrabitur.

630 1581 759 1654 CAPUT
782 1580 1005 1654 SECUNDUM.

478 1847 595 1906 nonni
617 1847 690 1906 CUM
712 1845 920 1905 ansuinum
943 1845 1150 1904 GONJUGIUH.

284 2078 458 2156 intereos
475 2075 722 2177 quideB0etii
737 2074 808 2153 vita
823 2082 1146 2153 narraveruntnon
1161 2070 1311 2151 desunt¹
1331 2076 1400 2176 qui

233 2210 280 2287 ad
296 2211 475 2288 secundas
494 2209 653 2311 nuptias,
670 2210 791 2312 priore
805 2209 973 2287 defuncta
994 2233 1113 2307 uxore,
1129 2208 1249 2309 ipsum
1263 2232 1400 2287 couro-

230 2343 324 2421 iasse
338 2353 516 2424 asserunt:
542 2347 648 2421 iuxta
671 2344 782 2445 ipsos,
802 2344 877 2422 base
897 2344 994 2445 prior
1006 2342 1123 2422 Boetii'
1134 2367 1222 2420 uxor
1237 2366 1310 2420 non
1324 2343 1399 2424 alia

229 2475 323 2554 iurat
342 2501 384 2555 ae
400 2477 497 2578 Elpis
511 2478 687 2579 quaedam,
703 2479 797 2556 Festi
813 2477 987 2557 senatoris
1007 2477 1096 2576 iiiia,
1121 2485 1157 2556 et
1180 2485 1219 2554 ut
1243 2478 1399 2577 ipsamet

230 2619 381 2690 testatur
407 2612 446 2689 in
474 2637 539 2691 suo
559 2609 799 2716 epigraphio²
830 2651 846 2685 a
873 2612 999 2692 Siculae
1018 2612 1173 2713 regionis
1192 2612 1352 2695 alumna.
1377 2651 1394 2683 .

230 2744 414 2822 Praeclaris
438 2745 571 2846 ingenii
594 2745 737 2823 dotibus
764 2754 941 2844 ornatam,
966 2746 1095 2842 forma,
1110 2746 1324 2846 fortunaque
1340 2746 1401 2823 in-

229 2876 381 2980 signem,
399 2903 526 2958 versus
544 2880 651 2959 otiam
673 2880 985 2960 emendatissimos
1005 2881 1228 2982 hymnosque
1253 2879 1400 2958 sacros³

263 3207 272 3241 ¹
295 3205 442 3268 intorques
457 3204 587 3268 vallinus,
600 3204 630 3257 P.
643 3205 724 3269 Cally,
737 3206 768 3256 ci.
783 3205 878 3270 idigne,
900 3211 918 3255 t.
932 3205 1020 3270 LXiii,
1034 3207 1082 3256 coi.
1098 3207 1163 3259 558:
1180 3205 1284 3266 Derras,
1295 3209 1315 3255 t.
1330 3204 1397 3269 iiiV,

228 3284 332 3416 ilfssssx
346 3363 449 3430 Peiper,
461 3381 487 3430 p.
499 3367 540 3418 36.

548 3455 617 3510 aaron
626 3455 680 3501 dieta
690 3455 726 3508 ni.
739 3456 808 3501 rieule
817 3458 904 3512 regionis
913 3458 992 3502 alumna

573 3529 636 3581 Quam
646 3529 715 3583 procul
726 3540 738 3573 a
748 3531 813 3582 patria
825 3531 916 3584 conjugis
929 3529 972 3583 egit
983 3538 1047 3571 amor.

547 3601 590 3653 Qua
601 3602 643 3644 aine
654 3605 724 3644 musta
736 3600 785 3646 dies.
797 3611 838 3644 ron
848 3600 914 3649 anxia.
925 3599 998 3642 debilis
1008 3600 1069 3650 tram

572 3669 613 3714 Nae
626 3670 690 3713 solum
704 3681 744 3713 una
757 3681 810 3719 raro,
820 3670 903 3722 spiritus
911 3679 964 3712 unua
975 3674 1026 3714 erat.

546 3741 588 3783 Lux
596 3750 638 3783 mer
648 3752 688 3783 nan
698 3740 766 3784 clausa
775 3743 805 3784 est
817 3741 851 3783 tali
863 3743 975 3784 remanente
984 3741 1069 3793 marito;

572 3813 681 3867 Maioriane
691 3816 762 3858 animm
774 3819 829 3868 parte
841 3819 941 3869 superstas
952 3825 995 3858 ero.

544 3883 659 3928 porticibus
669 3883 731 3926 uaris
739 3885 779 3937 jam
789 3894 830 3926 auo
840 3883 944 3937 peregrina
953 3882 1040 3934 quiesco,

572 3953 647 3998 iudicis
656 3954 724 3996 aterni
735 3953 839 3996 testificata
849 3953 950 3995 thronum.

261 4055 274 4091 ⁸
294 4052 402 4104 Prorsus
414 4053 541 4104 absonum
558 4057 598 4104 est
620 4053 747 4104 editorem
768 4052 855 4116 Migne
870 4051 974 4116 Helpidi
993 4050 1143 4103 attribuisse
1159 4049 1293 4117 Hymnum
1307 4055 1395 4117 resor-

227 4137 332 4205 matum
345 4136 420 4197 prout
442 4131 470 4182 in
491 4132 680 4184 recentioribus
698 4133 823 4184 Breviarii
841 4132 943 4183 romani
964 4130 1119 4183 editionibus
1131 4132 1234 4198 iegitur.
1252 4134 1290 4184 ita
1305 4140 1398 4184 sonant

218 4210 344 4276 ,ilelpidis
355 4225 447 4263 versus
460 4211 492 4262 ad
504 4211 575 4264 diem
586 4211 682 4263 festum
695 4212 721 4263 S.
736 4212 806 4262 Petri
823 4229 828 4262 :

546 4302 612 4346 Aurea
624 4302 677 4352 luae.
690 4305 710 4346 et
720 4301 791 4347 derare
800 4311 865 4352 rom.

547 4374 587 4417 bas
597 4372 655 4423 lucis.
667 4385 725 4418 omne
734 4373 839 4426 perfudisti
848 4374 941 4418 naculum
953 4407 957 4423 .

545 4512 619 4557 orurx
630 4513 702 4563 Roma.
717 4515 881 4566 manaturum
895 4515 1009 4569 principum

546 4583 573 4629 iia
586 4586 693 4638 oupumtr
702 4585 790 4636 omnum
798 4584 905 4639 numina.
