3240 5468
761 402 959 475 459·-

329 594 381 669 hd
407 593 576 670 saeculnm
595 595 645 668 lll
669 595 848 694 pertinent
873 590 1078 668 hhaelardus
1102 617 1144 670 ac
1167 597 1203 670 S.
1231 596 1447 675 Bernartius.

276 729 437 814 Quorum
466 726 563 826 prior
589 710 853 822 <tote-1149)
878 725 1072 825 plusquam
1104 721 1155 804 30
1181 725 1258 804 loca
1287 753 1308 805 e
1335 731 1448 806 Boetii

274 859 456 960 operibus,
493 867 564 934 tam
596 858 854 959 philosophicis
883 881 993 956 quam
1021 857 1225 958 theologicis
1260 863 1448 963 excerpsit,

274 1002 352 1070 tum
377 992 693 1093 praeclarissimum
721 991 812 1067 illud
843 990 955 1067 Boetii
981 991 1138 1091 elogium
1162 1017 1204 1068 ex
1229 993 1369 1095 integro
1394 994 1450 1074 hic

276 1125 549 1204 describendum
570 1125 715 1224 reliquit
730 1121 752 1201 ¹.

332 1291 348 1325 α
379 1261 502 1336 Restat
517 1259 672 1358 denique
688 1257 732 1334 ad
748 1256 945 1334 maximum
960 1256 1062 1332 illum
1081 1257 1275 1334 latinorum
1295 1260 1450 1360 philoso-

279 1428 296 1462 s
328 1392 482 1494 phorum
511 1391 676 1468 Boetium
702 1390 852 1486 scilicet,
873 1390 1119 1467 descendere:
1141 1391 1201 1490 qui
1222 1416 1351 1468 omnes
1377 1392 1450 1470 lere

281 1562 296 1595 s
327 1526 531 1603 liberalium
546 1525 677 1602 artium
689 1523 909 1624 disciplinas,
927 1524 1114 1601 scribendo
1128 1525 1186 1601 vel
1202 1525 1451 1602 transferendo

278 1695 296 1730 s
329 1685 390 1738 seu
406 1659 512 1737 etiarn
529 1657 740 1758 exponendo
755 1657 867 1734 latine
882 1657 1040 1754 tradidit,
1058 1680 1099 1733 ao
1114 1657 1302 1758 diligenter
1318 1669 1452 1736 sancta

280 1830 298 1864 s
330 1792 511 1872 Trinitatis
525 1791 635 1866 fidem
656 1790 872 1891 Symmacho
888 1813 1011 1867 socero
1032 1814 1074 1868 ac
1094 1790 1241 1893 patricio
1261 1791 1452 1868 scribendo

280 1961 298 1994 »
330 1925 542 2021 edisserens,
559 1924 604 1999 de
619 1922 755 1998 unitate
769 1946 914 2022 quoqne
932 1946 1095 2023 personae
1111 1922 1238 2000 Christi
1254 1946 1296 2000 ac
1307 1923 1454 2001 diversi·

281 2074 298 2128 a·
332 2066 401 2136 tate
426 2066 638 2136 naturarum
663 2056 803 2155 quaein
828 2055 968 2132 Christo
989 2063 1084 2155 sunt,
1108 2055 1237 2132 divinae
1261 2056 1398 2134 scilicet
1420 2067 1455 2134 et

282 2228 300 2264 s
330 2193 509 2288 humanae,
522 2191 568 2292 ad
584 2192 756 2267 loannem
768 2189 978 2286 Diaconum,
989 2189 1051 2289 qui
1063 2195 1188 2290 postea
1197 2190 1296 2290 Papa
1305 2191 1454 2268 effectus

282 2363 300 2397 a
332 2335 397 2427 est,
425 2326 613 2403 scribendo
638 2333 761 2402 contra
793 2322 978 2424 Eutychen
1007 2329 1042 2397 et
1070 2322 1288 2421 Nestorium,
1317 2323 1454 2424 optime

282 2495 305 2528 ι
332 2460 538 2562 disputavit,
554 2460 736 2558 fidemque
752 2464 912 2534 nostram
928 2463 962 2532 et
975 2434 1082 2530 'suam
1102 2478 1145 2530 ne
1159 2455 1197 2530 iu
1216 2454 1334 2554 aliquo
1349 2457 1456 2533 vacil-

285 2626 303 2662 ι
332 2593 433 2692 leret,
449 2601 522 2670 tam
536 2594 581 2670 de
596 2591 781 2669 divinitate
800 2614 909 2692 qnam
929 2588 974 2665 de
993 2586 1187 2666 divinitatis
1206 2588 1455 2666 incarnatione

286 2761 303 2793 1>
335 2726 521 2804 tractando
540 2725 864 2828 inexpugnabiliter
879 2722 1066 2800 adstruxit.
1083 2721 1228 2798 Constat
1241 2723 1339 2800 hunc
1354 2748 1456 2826 egre-

285 2895 303 2929 »
334 2860 430 2962 glum
456 2869 657 2939 senatorem
685 2884 876 2960 romanum
905 2882 1050 2959 quoque
1077 2864 1112 2934 et
1140 2857 1324 2934 consulem
1348 2866 1455 2959 atquc

286 3030 303 3063 »
331 2993 521 3096 patricium
550 3003 709 3096 tempore
736 2993 894 3095 praedicti
921 2994 1068 3069 loannis
1093 3014 1196 3094 papae
1225 2991 1406 3089 floruisse,
1436 3016 1455 3067 a

283 3197 670 3216 Μ

602 3304 659 3345 Nunc
668 3302 729 3345 docus
738 3302 824 3355 imperii,
832 3312 919 3345 summas
927 3300 961 3354 qni
970 3303 1080 3356 preparat
1088 3303 1148 3350 arcs,

602 3375 680 3416 Tertius
691 3374 744 3423 Otto,
756 3385 791 3416 sna
803 3373 885 3428 dignum
895 3373 997 3428 tejudicat
1007 3373 1060 3422 aula,

601 3447 744 3499 AEtcruumqne
753 3447 782 3488 tui
795 3446 864 3488 stamit
873 3448 1000 3488 monumenta
1009 3446 1092 3494 latoris,

601 3519 627 3560 itt
637 3519 686 3561 hene
695 3519 823 3572 promeritum
831 3518 908 3563 meritis
917 3522 999 3562 exornat
1007 3518 1105 3561 honestis.

314 3621 403 3671 Monet
413 3620 510 3671 iudicis
523 3620 555 3670 de
567 3619 694 3669 Mirandol
705 3620 831 3684 (Introd,
849 3637 873 3684 p.
887 3621 972 3683 XXV),
985 3622 1084 3670 nullam
1097 3621 1125 3670 in
1137 3620 1179 3670 his
1196 3620 1313 3671 versibus
1328 3621 1362 3671 de
1374 3621 1457 3670 Boetii

283 3700 423 3751 christiana
437 3699 597 3763 professione
611 3701 773 3749 mentionem
787 3700 852 3750 fieri.
870 3718 880 3746 r
900 3701 973 3750 Cette
987 3701 1118 3752 re'tieence
1135 3702 1250 3751 calculec
1268 3701 1456 3760 e'videmment,

283 3779 330 3830 tait
341 3780 402 3829 bien
416 3779 471 3828 roir
485 3794 536 3843 que
549 3781 573 3829 le
585 3784 675 3829 sanant
687 3780 796 3829 Gerbert
807 3780 895 3829 n'etail
908 3780 965 3829 rien
977 3781 1062 3829 moins
1073 3780 1194 3844 qu'edifie
1206 3796 1250 3830 sur
1262 3781 1285 3830 la
1297 3782 1410 3830 saintete'
1423 3781 1457 3828 du

284 3859 444 3922 philosophe.
460 3861 495 3908 lte
507 3859 639 3923 croyait-il
651 3859 750 3923 paien‘?
764 3860 837 3909 Nous
848 3875 882 3909 ne
895 3875 995 3924 satonS,
1011 3861 1078 3910 mais
1089 3875 1155 3924 pour
1168 3875 1242 3920 raons,
1263 3861 1287 3910 le
1304 3861 1456 3924 paganisme

284 3939 317 3988 de
330 3938 413 3987 Boece
426 3939 494 3988 n'est
505 3952 550 4000 pas
562 3938 682 3988 douteur.
697 3956 709 3987 n
725 3941 808 4000 Quam
822 3940 879 3990 haec
893 3941 985 3989 leviter
999 3940 1067 3989 dicta
1089 3945 1115 3989 et
1132 3941 1211 4004 gratis
1224 3940 1337 3989 asserta!
1356 3939 1457 3989 Enodet

284 4018 370 4083 potius
386 4019 415 4067 D.
438 4017 536 4067 iudicis
557 4019 651 4082 agendi
673 4020 802 4068 rationem
825 4020 960 4069 christiani
981 4020 1144 4084 imperatoris
1164 4020 1208 4083 qui
1228 4019 1348 4069 Boctium
1369 4019 1456 4081 Papiae

284 4097 406 4162 religioso
430 4097 502 4146 cultu
520 4095 670 4146 decoratum
694 4096 721 4145 in
742 4111 789 4146 suo
810 4097 904 4161 palatio
926 4098 979 4146 vult
1001 4098 1080 4146 etiam
1096 4097 1227 4160 honorari,
1242 4096 1287 4160 qui
1301 4097 1377 4159 jubet
1395 4111 1456 4146 eum

284 4176 412 4236 Gerherti,
426 4175 613 4240 archiepiscopi
625 4176 742 4227 versibus
753 4178 867 4242 landari3
887 4177 982 4228 enodet
998 4177 1076 4226 eliam
1093 4177 1141 4226 hos
1157 4191 1246 4227 versus
1261 4177 1356 4240 quihus
1371 4180 1456 4228 extol·

284 4257 348 4307 litun
360 4274 369 4302 c
384 4255 462 4304 Pater
472 4261 498 4304 et
509 4255 602 4306 Patriae
614 4257 705 4307 lumen
718 4275 728 4303 i
743 4262 769 4307 et
781 4274 793 4305 «
806 4273 882 4308 mens
893 4257 1002 4308 divina·
1021 4257 1086 4320 ejus,
1100 4263 1127 4306 et
1143 4257 1182 4306 vir
1199 4257 1243 4320 qui
1257 4273 1266 4301 ι
1285 4256 1377 4307 Gladio
1392 4258 1457 4308 bac·

285 4337 379 4387 chanle
396 4336 547 4400 Gothorum,
570 4354 583 4386 a
606 4352 667 4388 cum
688 4338 845 4405 Symmacho
866 4353 956 4390 socero
969 4343 995 4388 et
1007 4339 1031 4391 S.
1047 4339 1157 4402 loanne,
1171 4345 1293 4403 martyre,
1313 4337 1457 4404 «insignes

298 4418 369 4467 tulos
381 4418 504 4480 praeclara
517 4423 601 4468 morte
615 4419 747 4484 relinquit.
763 4437 775 4469 r

320 4498 330 4532 ¹
352 4496 469 4572 Introit„
482 4499 519 4549 ad
532 4499 666 4565 Tlrcolop„
682 4500 728 4552 lib.
740 4501 762 4564 l,
775 4515 799 4552 c.
815 4513 878 4560 xxv,
892 4516 916 4570 p.
932 4499 1002 4559 10³9.
1015 4499 1087 4573 Edit.⁴
1096 4499 1167 4562 Pam,
1182 4498 1252 4550 1616.
