3240 5468
661 383 794 454 -193
820 423 858 436 -

178 611 195 641 ι
226 573 423 676 petulantia
437 572 526 649 nihil
541 595 563 648 a
575 575 656 673 joco
671 572 818 672 risuque
833 572 969 675 patitur
979 597 1057 650 esse
1067 571 1309 672 disjunctum¹
1325 608 1340 640 1

179 745 194 778 a
226 709 309 784 Haec
326 706 448 784 omnia
464 705 650 807 aptissime
664 714 864 784 consonant
880 729 962 782 cum
978 706 1023 782 iis
1038 730 1119 806 quae
1138 705 1183 781 de
1202 704 1346 803 ingenio

173 865 215 920 ac
237 841 351 917 Boetii
376 840 534 918 moribus
562 840 735 938 diximus,
761 839 841 940 plus
867 864 969 939 aequo
999 839 1172 940 inquieti,
1205 846 1239 914 et
1272 845 1346 913 tam

173 975 403 1053 vehementer
424 982 548 1052 contre
569 974 731 1052 inimicos
755 975 795 1050 in
818 969 1061 1051 Consolatione
1085 970 1345 1052 exclamantis:

177 1141 193 1172 a
227 1107 354 1183 Videre
386 1115 506 1184 autem
539 1108 661 1186 videor
693 1109 848 1186 nefarias
881 1108 1137 1187 sceleratorum
1170 1085 1348 1200 officinas,

178 1275 194 1307 a
227 1239 357 1341 gaudio
389 1240 583 1342 laetitiaque
616 1242 818 1340 fluitantes,
852 1241 1136 1344 perditissimum
1168 1262 1348 1339 quemque

179 1407 194 1440 »
226 1373 327 1450 novis
353 1373 575 1452 delationum
599 1376 785 1452 fraudibus
805 1376 1070 1471 imminentem,
1093 1376 1213 1475 jacere
1235 1372 1349 1448 bonos

180 1540 196 1574 a
227 1508 340 1584 nostri
358 1508 574 1586 discriminis
596 1517 730 1587 terrore
751 1518 962 1613 prostratos,
981 1507 1199 1608 flagitiosum
1219 1529 1350 1605 quem-

179 1678 195 1709 »
227 1664 296 1741 que
320 1642 365 1718 ad
390 1643 596 1720 audendum
615 1643 761 1742 quidem
788 1644 925 1722 lacinus
951 1639 1177 1743 impunitate,
1203 1637 1250 1714 ad
1269 1637 1351 1714 elfi-

180 1812 195 1842 »
228 1775 395 1852 ciendum
410 1798 495 1852 vero
509 1776 665 1876 praemiis
680 1776 833 1874 incitari,
846 1777 1006 1853 insontes
1022 1780 1228 1849 autemnon
1244 1769 1350 1846 modo

181 1944 195 1975 »
228 1909 429 2005 securitate,
447 1933 572 1986 verum
586 1909 663 2009 ipsa
683 1909 791 2002 etiam
812 1886 1020 1986 defensione
1037 1907 1193 2009 privatos
1207 1903 1230 1980 ².
1253 1940 1267 1972 1

228 2041 319 2117 tllud
331 2054 425 2119 certe
435 2042 566 2118 miram
581 2043 673 2119 16161
688 2043 717 2118 si
727 2042 872 2120 Boetius
887 2042 926 2118 in
941 2041 1098 2141 scientiis
1111 2037 1348 2135 naturalibus,

177 2177 449 2274 mathematicis,
477 2201 519 2255 aa
543 2177 798 2278 philosophicis
827 2177 935 2255 alacri
957 2176 1099 2277 ingenio
1123 2181 1286 2251 versatus
1315 2178 1351 2247 et

176 2320 249 2387 tam
279 2310 456 2386 subtiliter
486 2314 710 2409 exercitatus,
740 2337 762 2388 a
792 2310 996 2411 theologicis
1030 2307 1175 2403 studiis,
1206 2313 1246 2381 ut
1274 2303 1351 2385 vult

177 2444 375 2520 Nitzschius
402 2441 430 2540 ³,
469 2444 608 2522 alienus
644 2445 888 2524 remansisset.
928 2441 1176 2534 Dubitandum
1196 2461 1262 2533 ,116
1295 2443 1350 2511 est

178 2578 338 2654 boetium
362 2578 579 2677 ignoravisse
606 2587 680 2653 tam
704 2579 893 2655 sublimem
919 2578 960 2656 n.
992 2572 1178 2675 Augustini
1202 2570 1246 2646 de
1271 2568 1351 2645 Tri-

178 2710 288 2787 nitate
317 2710 546 2787 doctrinam?
577 2714 630 2789 ln
659 2686 878 2790 credendum
905 2711 1025 2812 ipsum
1057 2705 1146 2784 nibil
1171 2700 1351 2780 audivisse

179 2840 222 2917 de
244 2844 482 2921 controversis
505 2845 600 2922 illius
625 2845 795 2947 temporis
819 2844 961 2920 arianos
984 2842 1077 2917 inter
1099 2845 1134 2915 et
1157 2834 1351 2913 catholicos

178 2978 271 3053 circa
299 2976 506 3079 religionem
534 2979 819 3081 quaestionibus?
850 2974 1061 3077 Oppositam
1088 2969 1238 3046 firmiter
1265 2991 1350 3043 cum

180 3110 318 3188 Vallino
351 3112 565 3190 sententiam
597 3121 779 3208 tenemus,
814 3109 877 3210 qui
911 3109 957 3185 de
988 3105 1147 3206 quodam
1178 3098 1350 3202 opusculo

178 3243 288 3322 Boetii
301 3245 352 3323 ita
371 3247 479 3324 sentit
497 3281 506 3324 :

235 3413 250 3450 a
282 3380 316 3457 ls
332 3381 471 3458 libellas
490 3380 544 3478 (de
558 3381 644 3456 Fide
658 3379 836 3474 6611161166)
852 3401 934 3455 1616
949 3397 1080 3451 aureus
1093 3369 1258 3468 indignus
1274 3378 1350 3446 erat

186 3552 201 3584 »
232 3516 293 3616 qui
307 3515 440 3592 diutius
456 3515 591 3616 lateret,
607 3512 693 3592 olim
712 3514 803 3589 inter
818 3510 978 3591 diverses
994 3508 1172 3585 haeresum
1188 3501 1349 3577 turbines

188 3686 202 3717 2·
234 3675 315 3751 quae
330 3659 415 3727 tunc
433 3651 588 3729 1116111116
603 3647 781 3728 1116616611
801 3644 971 3749 principis
990 3645 1110 3721 farore
1129 3638 1230 3716 elatae
1251 3656 1351 3734 gras-

188 3819 204 3852 »
235 3784 416 3886 sabantnr,
432 3782 678 3889 conscriptus,
697 3793 804 3887 atque
822 3806 864 3860 ea
882 3781 967 3882 fine,
988 3785 1027 3855 ut
1046 3779 1240 3853 moretum
1259 3766 1352 3841 inter

188 3954 203 3985 »
234 3941 383 4019 magnos
407 3920 501 4000 viros
525 3929 681 4023 recepto,
706 3913 926 3998 testatiorem
952 3913 1086 3990 laceret
1112 3927 1214 3984 suam
1242 3899 1352 3975 fidem

621 4153 1352 4193 M

218 4331 226 4361 ¹
251 4325 384 4385 0116616616
397 4323 566 4387 substantioe,
581 4320 682 4386 Peiper,
696 4322 751 4373 168.

217 4411 228 4442 ¹
251 4406 357 4457 Consol.
370 4406 417 4456 lib.
429 4405 449 4468 l,
463 4420 502 4469 pr.
516 4406 540 4455 l.

219 4489 230 4521 ³
252 4485 337 4551 Opere
352 4487 445 4548 citata,
455 4484 560 4547 poesim
573 4490 599 4534 61
613 4484 659 4534 tlt
671 4489 698 4533 et
710 4497 765 4546 seq.
