3240 5468
690 435 862 507 ..ga-

609 736 735 809 CAPUT
759 735 949 808 TERTIUM.

537 984 591 1038 DE
636 982 1028 1038 UNIVERSALIBUS.

249 1205 435 1284 Neminem
473 1228 599 1282 eorum
642 1205 702 1305 qui
741 1202 980 1304 philosophiae.
1005 1201 1193 1280 historiam
1235 1212 1368 1280 norunt

197 1337 406 1440 quaestionis
421 1340 465 1416 de
481 1337 744 1416 universalibus
760 1344 864 1413 motae
880 1335 1088 1436 gravitatem
1103 1335 1269 1436 ignorare
1284 1360 1370 1414 oen-

196 1494 330 1552 semus.
354 1471 480 1572 hgitur
495 1471 588 1550 enim
611 1472 654 1548 de
674 1469 833 1547 scientiae
848 1470 1006 1547 humano
1025 1471 1162 1570 objecto
1182 1493 1223 1547 uc
1236 1470 1371 1546 funda-

197 1615 339 1703 mento,
365 1604 412 1682 de
428 1606 673 1707 cognitionum
698 1614 902 1683 nostrarum
929 1605 1164 1704 certitudine,
1190 1606 1305 1706 agitur
1325 1605 1370 1682 de

197 1738 425 1840 scepticismo
436 1746 497 1813 aut
507 1737 614 1814 etiam
624 1738 853 1837 pantheismo
864 1738 1146 1835 rel'vitando,vel
1162 1739 1200 1815 in
1215 1738 1370 1838 philoso-

200 1871 323 1972 phiam
337 1869 552 1946 inducendo.
571 1870 607 1944 Si
623 1870 721 1946 nuda
736 1870 1059 1970 inaniaquorerum
1072 1869 1370 1970 signatinguutur

198 2002 430 2098 universalia,
451 2003 568 2079 sinon
589 2010 684 2098 sunt,
699 2009 739 2079 ut
760 2002 876 2079 aiebat
897 2005 995 2103 Juxta
1013 2002 1221 2079 dnselmum
1236 2003 1371 2080 Rosoe-

199 2135 306 2235 linus,
319 2134 387 2212 nisi
405 2169 421 2202 r
440 2135 548 2211 flatus
562 2135 671 2232 vocis,
690 2169 705 2203 »
722 2137 796 2234 jam
809 2142 882 2213 tota
893 2134 1065 2212 evertitur
1075 2134 1222 2212 scientia
1232 2143 1369 2234 nostra,

197 2271 275 2369 jam
297 2267 437 2373 nullum
464 2277 626 2344 remanet
654 2267 836 2347 vinculum
865 2267 958 2345 inter
982 2293 1038 2344 res
1062 2275 1096 2344 et
1121 2268 1249 2364 rerba,
1277 2267 1372 2346 inter

199 2400 422 2480 intellectum
435 2408 470 2478 et
486 2426 554 2495 res,
576 2401 637 2478 sed
657 2401 756 2477 solus
771 2400 977 2478 dominatur
992 2399 1251 2503 scepticismus.
1268 2402 1370 2489 Quod

199 2535 229 2611 si
243 2541 398 2612 econtra
408 2533 604 2609 adstruitur
616 2533 816 2645 realismos,
828 2533 1144 2635 siveoutologicus,
1157 2541 1194 2609 ut
1210 2542 1264 2611 est
1275 2534 1369 2636 apud

200 2667 386 2744 Plutonem
411 2673 446 2744 et
473 2665 688 2743 recentiores
713 2666 965 2767 outologistas,
1003 2667 1075 2744 sive
1099 2666 1307 2769 empiricos,
1331 2675 1371 2744 ut

200 2807 474 2905 propugnarunt
499 2799 675 2876 Gilhertus
701 2801 940 2899 Porretanus,
966 2799 1175 2878 Guillelmus
1204 2801 1371 2902 Compel-

201 2934 330 3029 lansis,
356 2956 398 3010 ac
421 2935 547 3010 Scotus
569 2933 666 3034 ipse,
688 2934 765 3032 jam
785 2931 1054 3010 individuorum
1076 2956 1117 3009 ac
1135 2932 1371 3033 singularium

202 3065 388 3149 existentia
403 3065 549 3166 tollitur,
560 3066 633 3153 sola
650 3072 838 3143 remanent
853 3065 1080 3163 universalia,
1097 3089 1139 3143 ao
1153 3066 1371 3169 pantheismi

202 3200 332 3279 infesta
352 3198 549 3301 Charybdis
566 3200 685 3276 fauces
706 3198 831 3301 aperit.
859 3199 987 3276 llirum
1012 3222 1096 3300 ergo
1120 3199 1260 3276 videtur
1277 3199 1371 3277 viros

201 3335 391 3413 decaetero
406 3331 631 3409 doctissimos
652 3354 692 3409 ac
706 3330 798 3409 bene
814 3339 983 3429 moratos,
1005 3339 1044 3406 ut
1060 3338 1225 3408 auctores
1242 3334 1373 3431 lupico

202 3469 252 3546 sio
268 3468 373 3545 dictae
390 3468 431 3542 do
444 3461 687 3564 PortssRopol,
715 3465 946 3542 scholasticos
970 3466 1183 3566 impugnare
1203 3489 1245 3542 ac
1263 3465 1373 3543 etiam

202 3608 431 3680 contemnere
449 3599 553 3699 quasi
576 3598 749 3675 inutiliter
762 3609 797 3674 et
822 3599 935 3675 otiose
951 3597 996 3676 de
1011 3598 1281 3676 Universalibus
1299 3598 1374 3675 dis-

202 3742 389 3836 putassent
403 3733 427 3811 ¹.
445 3733 683 3820 Quaestionem
704 3733 748 3809 de
769 3732 1030 3808 universalibus
1050 3732 1095 3808 ad
1119 3731 1271 3832 logicam
1296 3756 1374 3835 per-

202 3943 398 3956 ...ι-Δ*

236 4062 246 4095 ¹
271 4058 335 4109 «En
347 4057 414 4108 voild
425 4059 484 4122 plus
500 4058 562 4123 qu'il
578 4059 638 4107 n'en
659 4058 721 4120 saut,
742 4058 868 4108 touchant
883 4058 922 4108 les
938 4058 999 4122 cinq
1014 4059 1179 4121 universaux,
1199 4059 1277 4123 qu’on
1298 4058 1374 4110 traice

202 4136 268 4191 dans
287 4139 380 4190 l’ecole
400 4153 463 4189 avec
485 4144 539 4189 tant
561 4139 708 4189 d'etendue.
729 4137 778 4188 Car
800 4137 819 4188 il
835 4142 891 4188 sert
905 4139 1027 4204 tres-peu
1042 4141 1075 4190 de
1091 4139 1175 4190 savoir
1191 4139 1253 4204 qu'il
1268 4155 1285 4204 y
1300 4141 1374 4190 ades

202 4234 308 4286 geures,
320 4220 366 4269 des
379 4221 495 4283 espereS,
507 4221 554 4269 des
565 4219 728 4279 differences,
741 4219 788 4268 des
799 4233 908 4282 propres
920 4223 947 4268 et
958 4219 1005 4269 des
1017 4219 1151 4270 accidents
1162 4235 1169 4281 ;
1182 4217 1248 4268 mais
1260 4217 1374 4281 l'impor·

202 4305 281 4351 tance
296 4304 337 4350 est
354 4299 386 4349 de
406 4298 572 4350 reconnaitre
588 4298 628 4347 les
643 4295 712 4347 rrais
729 4311 823 4361 genres
836 4298 883 4347 des
899 4297 1000 4357 choses,
1013 4298 1052 4348 les
1063 4297 1147 4347 vraies
1160 4297 1307 4360 especes...,
1322 4302 1372 4348 etc.

202 4381 328 4445 (lupique
339 4379 372 4429 dc
386 4379 415 4430 P.
429 4379 473 4442 R,
486 4379 520 4428 1η
531 4378 623 4443 partie,
635 4377 677 4427 ch.
691 4377 745 4439 mr).
760 4378 806 4428 Eis
817 4377 965 4428 auctoribus
976 4392 1028 4428 una
1038 4381 1079 4427 est
1088 4382 1190 4428 tantum
1201 4378 1284 4429 veniae
1298 4379 1372 4434 ratio.

202 4460 305 4512 scilicet
315 4460 383 4525 quod
393 4464 456 4512 tune
469 4459 595 4524 temporis
606 4457 634 4508 in
645 4458 719 4509 libris
731 4471 762 4509 ac
773 4457 870 4508 scholis
881 4471 935 4508 non
947 4461 1001 4508 tam
1014 4457 1179 4523 impudenter
1190 4471 1222 4511 ac
1232 4457 1374 4512 hodiedum

203 4537 354 4601 exultabant
364 4541 392 4589 et
401 4535 577 4604 tripudiabant
587 4537 789 4591 materialismus
803 4541 833 4610 et¹
842 4535 1025 4613 positivismus.
