3240 5468
711 433 909 507 -tot-

276 618 364 706 Quis
390 641 458 697 non
483 622 753 700 mirettrr‘viros
780 649 800 701 e
828 626 954 702 eastris
982 628 1033 704 sie
1055 628 1394 717 diotisllotiooolis-

224 769 341 828 torrem
364 760 462 830 tantu
481 755 518 830 in
534 755 713 833 Christum
737 758 834 835 oruoi
858 759 1005 835 affixum
1024 762 1154 861 pietate
1174 764 1292 841 subito
1314 787 1393 841 oor-

223 895 357 985 reptos,
378 909 418 968 ac
438 887 601 964 Boetium
621 912 663 966 ex
682 914 725 967 eo
748 890 973 992 inoulpantes
994 895 1092 994 quod
1112 896 1148 972 in
1169 921 1276 996 opere
1296 922 1393 978 mere

222 1019 472 1121 philosophico
490 1046 607 1123 neque
631 1024 811 1101 Christum
835 1027 1083 1125 nominaverit,
1106 1054 1223 1129 neque
1242 1031 1288 1108 de
1306 1057 1394 1134 peu.-

223 1162 303 1231 oato
317 1154 479 1255 originali
496 1164 556 1232 out
573 1157 617 1234 de
632 1183 823 1259 corporum
836 1160 954 1236 futuro
972 1165 1229 1242 resurreetione
1244 1136 1409 1244 verbum·

224 1290 336 1366 ullum
360 1292 559 1391 protulerit.
584 1294 710 1370 Annon
737 1320 778 1370 ex
806 1297 971 1397 opposito
996 1322 1074 1374 sese
1097 1298 1233 1374 elidunt
1254 1300 1332 1376 istoe
1355 1300 1393 1379 in

223 1424 387 1502 Boetium
406 1425 763 1541 animadversiones?
778 1431 828 1504 Ex
844 1454 914 1505 una
931 1439 1032 1530 perte
1051 1431 1178 1508 asserit
1197 1432 1395 1513 Nitzsohius

225 1593 242 1625 s
266 1559 431 1636 Boetium
451 1561 524 1636 vim
544 1585 585 1637 eo
604 1562 801 1662 potentium
824 1563 908 1640 meli
931 1565 1093 1641 consulto
1118 1565 1330 1663 diminuere,
1355 1574 1395 1649 ut

221 1694 478 1797 redemptionis
504 1721 568 1797 per
592 1696 773 1774 Christum
796 1699 1044 1776 necessitatem
1068 1698 1245 1799 deprimet
1255 1699 1279 1794 ¹,
1308 1733 1325 1767 »
1352 1724 1394 1777 er

223 1825 334 1903 altera
353 1836 455 1929 parte
472 1858 489 1892 s
510 1829 673 1906 Boetium
690 1830 728 1905 in
750 1830 918 1907 Trinitote
938 1830 1124 1908 tractanda
1143 1832 1185 1907 D.
1206 1831 1394 1932 Augustini
1411 1906 1412 1910 ,

223 1962 379 2061 vestigiis
399 1964 479 2064 plus
496 1989 601 2064 nequo
618 1964 804 2062 inhaerere,
828 1975 862 2043 et
887 1966 1053 2042 Eoelesiee
1076 1965 1245 2042 credendi
1265 1963 1396 2064 regulos

223 2095 398 2174 serviliter
408 2098 561 2174 nimium
576 2107 611 2176 et
625 2099 708 2199 plus
721 2122 828 2200 quem
845 2099 955 2176 sacris
971 2099 1160 2200 seripturis
1175 2122 1216 2175 uo
1232 2097 1395 2175 Patribus

223 2231 433 2307 obsecutum
443 2229 468 2307 ².
488 2242 503 2296 i>
522 2236 614 2333 Ergo
629 2259 670 2310 ex
685 2257 759 2309 una
774 2240 876 2335 porte
894 2233 1075 2334 Pelagium
1096 2235 1189 2333 sapit
1204 2231 1348 2308 Boetius
1361 2239 1396 2308 et

224 2365 354 2441 Christi
383 2366 536 2466 gretiam
564 2366 732 2469 deprimit
755 2375 790 2443 et
813 2348 985 2466 evacuet3
1011 2392 1052 2445 ex
1082 2367 1193 2444 altem
1223 2365 1396 2443 serviliter

223 2499 376 2577 nimium
409 2501 536 2577 Christi
572 2501 736 2578 Eoolesiae
768 2501 987 2603 obsequitur.
1023 2501 1077 2576 ld
1109 2500 1277 2578 ultimum
1309 2497 1396 2574 illud

224 2633 452 2734 perspiouum
473 2641 635 2711 remanet
649 2635 813 2713 Boetium
832 2636 882 2713 sie
902 2636 939 2711 in
959 2634 1158 2712 contrarius
1177 2641 1299 2735 portes
1319 2631 1398 2709 dis·
1426 2673 1428 2681 J

190 2748 193 2753 ⁵
223 2775 377 2844 tmolum
401 2769 549 2846 minime
569 2770 616 2846 ad
637 2769 686 2850 sio
711 2771 816 2849 diotae
830 2771 1108 2849 Reiormutionis
1126 2777 1247 2870 portes
1266 2767 1412 2846 odduoi,

221 2925 328 3002 posse
350 2910 385 2981 et
403 2903 454 2981 ite
467 2904 505 2981 in
521 2904 619 2982 nullo
634 2905 749 3008 pretio
768 2930 847 2984 esse
861 2904 1080 2982 habendum.
1115 2898 1118 2905 ’

276 3109 333 3188 lV.
365 3155 416 3170 -
451 3115 648 3214 Opponunt
681 3113 791 3191 etiem
826 3120 951 3190 eontra
988 3109 1152 3186 Boetium
1190 3107 1397 3210 theologum

224 3247 305 3346 styli
333 3247 609 3346 discrepantiam
635 3247 728 3327 inter
752 3242 999 3350 philosophica
1028 3267 1069 3320 ao
1098 3242 1293 3342 theologice
1319 3244 1398 3341 ejus

224 3382 407 3480 opuscula.
435 3383 471 3458 Si
495 3390 616 3460 autem
639 3382 715 3458 hmo
740 3381 934 3457 difficultas
958 3379 1128 3455 attentius
1152 3377 1398 3454 consideretur

224 3514 401 3591 evanescit
424 3516 583 3595 omnino.
609 3511 883 3611 Ennodius,·uti
906 3509 1063 3589 vidimus
1088 3531 1208 3610 supro,
1235 3507 1398 3583 Boetium

223 3647 378 3725 celebrat
392 3649 571 3751 optimum
589 3648 732 3726 dicendi
752 3672 794 3726 uo
815 3645 994 3724 sorihendi
1009 3643 1235 3743 magistrum,
1254 3673 1270 3706 «ι
1290 3661 1399 3739 quem

228 3816 244 3848 »
267 3783 305 3858 in
329 3784 432 3860 annis
459 3784 693 3885 puerilibus...
714 3782 890 3862 industrie
917 3777 1002 3855 lesit
1026 3777 1225 3876 antiquum,
1251 3773 1312 3874 qui
1336 3775 1400 3873 per

258 4075 267 4108 ¹
292 4073 363 4137 ibid,
378 4089 403 4138 p.
426 4076 465 4125 72.
492 4095 502 4123 r
528 4074 669 4127 Hiermit...
684 4075 748 4125 aher
768 4074 851 4125 sehon
872 4074 914 4123 die
933 4066 1176 4130 Unterschaetzung
1193 4066 1240 4113 der
1255 4062 1342 4114 Macht
1355 4062 1402 4112 des

222 4151 332 4215 Boesen,
353 4154 453 4204 welche
475 4156 593 4206 scheidet
613 4158 666 4206 den
685 4156 809 4207 Boethius
827 4169 878 4204 von
895 4156 943 4204 der
960 4150 1131 4201 christlichen
1147 4147 1231 4197 Lehre
1247 4159 1298 4194 von
1315 4143 1402 4194 Stinde

222 4232 274 4281 und
292 4233 464 4300 Erloesung.»

256 4312 368 4372 Ἰὸὶάη
389 4331 415 4381 p.
437 4317 485 4367 120
509 4323 536 4368 et
560 4317 616 4368 121.
644 4335 654 4363 ι
681 4317 715 4368 So
739 4317 829 4366 finden
853 4315 901 4365 wir
926 4314 986 4363 eine
1009 4323 1098 4374 grosse
1122 4303 1332 4368 Abhaengiglreit
1353 4312 1404 4392 von

222 4392 381 4456 Augustin...
405 4410 479 4446 muss
493 4397 596 4447 lreilieh
609 4397 687 4462 jones
708 4396 767 4446 rein
790 4392 992 4446 formalistisehe
1007 4389 1151 4441 Verlahrerr
1171 4387 1199 4435 in
1221 4385 1268 4435 der
1288 4384 1403 4433 Bewetsa

221 4473 337 4540 liihrung
357 4477 489 4540 urmatten,
502 4479 586 4528 wohei
609 4493 676 4528 zwar
689 4478 735 4527 aul
746 4476 788 4526 die
806 4476 900 4540 lertige
918 4470 1119 4530 Kirchenlehre‚
1133 4469 1197 4518 aber
1209 4465 1284 4515 nieht
1303 4463 1348 4514 aui
1361 4463 1403 4513 dio

223 4553 256 4603 H.
270 4554 368 4605 Schrilt
380 4559 433 4607 und
446 4558 487 4608 die
499 4560 596 4610 Vaeter
608 4558 788 4623 hingewiesen
799 4556 900 4607 wirdo
1376 4562 1378 4568 ’
