3240 5468
754 526 799 541 -
821 487 885 560 1128
908 526 952 542 -

407 673 1022 756 lmwmmmmmmmmmnm.

407 779 513 861 llisjice
528 785 654 841 terreum
667 776 791 840 nebulas
805 785 834 839 et
849 776 980 858 pondera
994 777 1080 841 molis
1089 780 1130 869 ¹,-

408 886 503 966 mque
517 892 567 946 tuo
582 882 740 965 splendore
753 883 828 945 mica
845 903 852 944 ε
873 893 904 946 tu
920 903 1047 966 namque
1060 861 1210 961 seranum,

408 990 451 1052 Tu
466 989 584 1069 requies
599 987 756 1069 tranquilla
770 987 869 1069 piis';
888 997 916 1051 te
930 1008 1052 1051 cernere
1068 989 1136 1051 linis
1146 991 1171 1066 ¹,
1283 1000 1286 1004 ’

408 1094 599 1177 Principium,
618 1093 734 1169 Ventos,
752 1092 823 1170 Dur,
838 1093 952 1171 semita,
969 1095 1126 1157 Terminus
1141 1095 1230 1157 idem.

691 1590 817 1658 CAPUT
847 1590 1013 1658 SEXTUM.

267 1911 315 1970 'os
340 1917 421 1972 nuo.
452 1939 496 1952 -
523 1918 568 1970 os
596 1917 685 1972 raro
709 1919 753 1970 m
776 1918 896 1971 omma
919 1917 1165 1972 rnoumsurra.
1193 1944 1235 1954 -
1259 1918 1304 1970 aa
1330 1919 1447 1972 rams-

314 2032 453 2084 cururm
479 2031 539 2084 nar
567 2031 610 2084 nc
640 2032 766 2084 ursano
794 2032 942 2085 nonnus·
961 2033 1136 2085 ilnarrruo.
1162 2055 1204 2067 -
1235 2035 1281 2086 or
1308 2033 1446 2088 ULTlllo

312 2146 456 2199 nonnus
480 2145 574 2199 rma.
1378 2120 1381 2125 ’

321 2448 372 2521 ld
405 2445 547 2522 ultimas
571 2447 607 2520 in
638 2443 729 2520 lihro
752 2441 1004 2521 Consolationis
1024 2447 1243 2544 philosophice
1270 2470 1291 2522 a
1317 2449 1446 2523 Boetio

268 2585 500 2676 pertractatas
520 2576 735 2674 quaestioncs
760 2576 1033 2684 progrediamur
1063 2578 1196 2653 scilicet
1217 2578 1262 2655 de
1285 2581 1370 2664 Deo,
1397 2580 1446 2655 de

268 2711 367 2803 Fato,
390 2709 434 2785 da
458 2708 685 2785 Providentia
705 2708 843 2802 divina,
874 2707 919 2783 de
945 2709 1150 2784 suturarum
1173 2735 1294 2786 rerum
1320 2711 1446 2787 divina

268 2840 490 2939 praescientia
515 2863 556 2916 ac
588 2840 632 2920 de
656 2841 814 2916 humana
839 2841 1017 2938 libertate,
1045 2841 1204 2934 tandem,
1230 2843 1445 2918 desummo

267 2970 498 3047 beatitudinis
534 2968 701 3046 humanae
730 2971 901 3062 termino,
932 2996 994 3046 seu
1030 2970 1073 3046 dc
1106 2971 1242 3048 visione
1276 2972 1445 3048 essentiae

267 3100 405 3178 divinae.

267 3309 461 3320 ----———

274 3475 277 3481 p
304 3421 311 3453 ¹
338 3439 347 3462 ι
365 3420 463 3484 Corpus
475 3419 546 3468 enim
559 3420 627 3483 quod
640 3420 816 3483 corrumpitur
831 3427 953 3486 aggravat
974 3423 1099 3484 animam,
1123 3428 1149 3472 et
1169 3427 1273 3473 terrena
1288 3422 1444 3474 inhabitatio

265 3490 390 3564 vdeprimit
414 3514 521 3550 sensum
545 3501 628 3551 multa
652 3500 810 3562 cogitantem
834 3502 976 3565 (Sumeret,
999 3518 1021 3551 c.
1046 3504 1121 3564 ml.»
1145 3502 1183 3552 el.
1208 3501 1284 3555 Cone.
1301 3503 1332 3559 V,
1351 3517 1391 3565 pr.
1415 3506 1444 3553 2.

270 3597 280 3626 ι
295 3580 475 3631 Humanorum
490 3584 575 3629 motus
586 3580 734 3629 animorum
747 3579 831 3630 fatalis
844 3586 935 3630 calena
948 3583 1111 3646 constringit.
1126 3600 1136 3627 ι

302 3661 313 3693 ¹
334 3658 372 3707 Tu
395 3671 501 3707 serenas
524 3663 627 3707 mentes
647 3673 677 3708 ac
699 3662 854 3724 tranquillas
869 3661 1041 3726 cogitationes
1061 3661 1162 3725 piorum
1183 3661 1277 3711 animis
1302 3676 1445 3714 conservas

268 3737 432 3786 acinlundis¹

268 3878 272 3885 ¹
303 3819 315 3853 ὅ
335 3817 396 3867 Haec
409 3818 546 3880 desumpta
564 3819 684 3868 videntur
696 3831 727 3866 ex
748 3819 829 3868 sacris
851 3818 946 3868 litteris
960 3823 987 3868 et
1004 3819 1172 3886 hymnologia
1192 3828 1272 3871 sacra.
1293 3838 1303 3865 ι
1327 3821 1389 3871 llaec
1403 3829 1446 3872 est

269 3895 339 3944 enim
352 3897 403 3945 vita
415 3901 725 3960 aeteruautcognoscant
739 3902 764 3946 te
785 3898 869 3946 solum
890 3899 974 3947 Deum
995 3912 1086 3947 verum
1100 3905 1127 3949 et
1141 3914 1219 3962 quem
1241 3899 1334 3949 misisti
1351 3900 1444 3950 lesum

269 3977 401 4028 Chrisdum
416 3978 597 4042 {Joao.,xv11).
615 3996 625 4024 a
643 3998 652 4025 ι
674 3979 728 4043 Ego
741 3995 799 4028 sum
814 3996 831 4028 α
843 3982 869 4026 et
881 3997 910 4036 ω,
934 3977 1091 4040 principium
1103 3984 1130 4029 et
1142 3979 1202 4029 finis
1223 3980 1325 4042 (apoc,
1346 3994 1369 4028 c·
1384 3983 1411 4040 1).
1431 3999 1442 4024 ³

268 4083 299 4092 —
311 4055 404 4105 Vector
415 4061 505 4106 noster
516 4062 555 4106 est
568 4056 646 4116 Deus,
659 4070 721 4105 nam
735 4075 745 4102 u
759 4061 846 4120 portat
858 4057 946 4107 omnia
955 4059 1035 4108 verbo
1044 4059 1147 4109 virtutis
1157 4074 1211 4109 suae
1225 4060 1276 4123 (Ad
1288 4059 1376 4117 Haeo,
1387 4061 1414 4110 d.
1429 4079 1441 4106 s

266 4133 389 4198 Domum,
401 4135 458 4186 lraec
469 4135 610 4185 hodiedum
624 4149 704 4200 usque
717 4137 743 4185 in
756 4151 830 4186 sacro
842 4136 984 4187 Dominicae
1000 4138 1167 4188 Ascensionis
1180 4139 1238 4201 die,
1260 4143 1317 4201 post
1329 4139 1360 4187 D.
1375 4140 1442 4190 Am-

268 4211 383 4261 brosium
395 4213 516 4263 decantat
527 4213 644 4265 Ecclesia
657 4215 783 4266 catholica
798 4231 803 4263 ε

640 4351 668 4392 l'u
680 4351 723 4393 Dux
735 4351 759 4392 nd
770 4353 852 4393 astruet
864 4349 940 4393 semita

641 4421 675 4465 Sis
687 4422 740 4465 llets
749 4421 824 4464 uostris
835 4422 929 4464 cordibus
940 4438 945 4472 ;

639 4492 672 4534 Sis
682 4493 811 4545 lacrymarum
822 4493 924 4549 gandium,

640 4562 674 4604 Sis
683 4562 741 4606 dulce
751 4562 796 4606 rito
806 4563 917 4615 premium.
