<?xml version="1.0" encoding="UTF-8"?>
<!DOCTYPE html PUBLIC "-//W3C//DTD XHTML 1.0 Transitional//EN"
    "http://www.w3.org/TR/xhtml1/DTD/xhtml1-transitional.dtd">
<html xmlns="http://www.w3.org/1999/xhtml" xml:lang="en" lang="en">
 <head>
  <title>
</title>
<meta http-equiv="Content-Type" content="text/html;charset=utf-8" />
  <meta name='ocr-system' content='tesseract 3.04.00' />
  <meta name='ocr-capabilities' content='ocr_page ocr_carea ocr_par ocr_line ocrx_word'/>
</head>
<body>
  <div class='ocr_page' id='page_1' title='image "./deamseverinoboe00bourgoog_0066.png"; bbox 0 0 3240 5468; ppageno 0'>
   <div class='ocr_carea' id='block_1_1' title="bbox 639 386 815 456">
    <p class='ocr_par' dir='ltr' id='par_1_1' title="bbox 639 386 815 456">
     <span class='ocr_line' id='line_1_1' title="bbox 639 386 815 456; baseline 0.006 -19"><span class='ocrx_word' id='word_1_1' title='bbox 639 386 815 456; x_wconf 65' lang='lat'>..51-</span> 
     </span>
    </p>
   </div>
   <div class='ocr_carea' id='block_1_2' title="bbox 140 574 1309 809">
    <p class='ocr_par' dir='ltr' id='par_1_2' title="bbox 140 574 1309 809">
     <span class='ocr_line' id='line_1_2' title="bbox 140 574 1309 677; baseline 0.007 -28"><span class='ocrx_word' id='word_1_2' title='bbox 140 574 255 675; x_wconf 89' lang='lat' dir='ltr'><strong>prime</strong></span> <span class='ocrx_word' id='word_1_3' title='bbox 270 583 455 670; x_wconf 81' lang='lat' dir='ltr'><strong>consonat,</strong></span> <span class='ocrx_word' id='word_1_4' title='bbox 471 574 672 652; x_wconf 83' lang='lat' dir='ltr'><strong>diversaede</strong></span> <span class='ocrx_word' id='word_1_5' title='bbox 688 589 817 652; x_wconf 82' lang='lat' dir='ltr'><strong>notura</strong></span> <span class='ocrx_word' id='word_1_6' title='bbox 828 579 929 677; x_wconf 84' lang='lat' dir='ltr'><strong>juxta</strong></span> <span class='ocrx_word' id='word_1_7' title='bbox 945 576 1169 656; x_wconf 68' lang='lat' dir='ltr'><strong>Aristotelem</strong></span> <span class='ocrx_word' id='word_1_8' title='bbox 1184 578 1309 657; x_wconf 89' lang='lat' dir='ltr'><strong>defini·</strong></span> 
     </span>
     <span class='ocr_line' id='line_1_3' title="bbox 141 706 1309 809; baseline 0.006 -28"><span class='ocrx_word' id='word_1_9' title='bbox 141 706 256 784; x_wconf 90' lang='lat' dir='ltr'><strong>tiones</strong></span> <span class='ocrx_word' id='word_1_10' title='bbox 273 707 372 809; x_wconf 88' lang='lat' dir='ltr'><strong>(Cap.</strong></span> <span class='ocrx_word' id='word_1_11' title='bbox 390 709 439 805; x_wconf 77' lang='lat'><strong>1);</strong></span> <span class='ocrx_word' id='word_1_12' title='bbox 454 707 613 784; x_wconf 90' lang='lat' dir='ltr'><strong>definitio</strong></span> <span class='ocrx_word' id='word_1_13' title='bbox 629 732 788 807; x_wconf 71' lang='lat' dir='ltr'><strong>ausono</strong></span> <span class='ocrx_word' id='word_1_14' title='bbox 805 733 885 808; x_wconf 87' lang='lat' dir='ltr'><strong>quae</strong></span> <span class='ocrx_word' id='word_1_15' title='bbox 904 709 941 784; x_wconf 91' lang='lat' dir='ltr'><strong>in</strong></span> <span class='ocrx_word' id='word_1_16' title='bbox 961 709 1090 786; x_wconf 89' lang='lat' dir='ltr'><strong>scholis</strong></span> <span class='ocrx_word' id='word_1_17' title='bbox 1114 710 1309 788; x_wconf 85' lang='lat' dir='ltr'><strong>hodiedum</strong></span> 
     </span>
    </p>
   </div>
   <div class='ocr_carea' id='block_1_3' title="bbox 10 839 1309 944">
    <p class='ocr_par' dir='ltr' id='par_1_3' title="bbox 10 839 1309 944">
     <span class='ocr_line' id='line_1_4' title="bbox 10 839 1309 944; baseline 0.008 -31"><span class='ocrx_word' id='word_1_18' title='bbox 10 876 14 884; x_wconf 94' lang='lat'>·</span> <span class='ocrx_word' id='word_1_19' title='bbox 139 839 248 914; x_wconf 89' lang='lat' dir='ltr'><strong>etiarn</strong></span> <span class='ocrx_word' id='word_1_20' title='bbox 273 848 468 940; x_wconf 85' lang='lat' dir='ltr'><strong>usurpatur</strong></span> <span class='ocrx_word' id='word_1_21' title='bbox 491 865 532 918; x_wconf 90' lang='lat' dir='ltr'><strong>ac</strong></span> <span class='ocrx_word' id='word_1_22' title='bbox 558 841 683 918; x_wconf 85' lang='lat' dir='ltr'><strong>divisio</strong></span> <span class='ocrx_word' id='word_1_23' title='bbox 705 842 986 919; x_wconf 89' lang='lat' dir='ltr'><strong>substantiarum</strong></span> <span class='ocrx_word' id='word_1_24' title='bbox 1014 870 1030 906; x_wconf 71' lang='lat' dir='ltr'><strong>r</strong></span> <span class='ocrx_word' id='word_1_25' title='bbox 1058 868 1212 944; x_wconf 88' lang='lat' dir='ltr'><strong>quarum</strong></span> <span class='ocrx_word' id='word_1_26' title='bbox 1231 844 1309 923; x_wconf 76' lang='lat' dir='ltr'><strong>aliae</strong></span> 
     </span>
    </p>
   </div>
   <div class='ocr_carea' id='block_1_4' title="bbox 87 973 1388 4545">
    <p class='ocr_par' dir='ltr' id='par_1_4' title="bbox 87 973 1388 4014">
     <span class='ocr_line' id='line_1_5' title="bbox 140 973 1310 1078; baseline 0.009 -30"><span class='ocrx_word' id='word_1_27' title='bbox 140 980 223 1049; x_wconf 91' lang='lat' dir='ltr'><strong>suut</strong></span> <span class='ocrx_word' id='word_1_28' title='bbox 255 997 446 1074; x_wconf 89' lang='lat' dir='ltr'><strong>corporeae,</strong></span> <span class='ocrx_word' id='word_1_29' title='bbox 483 973 561 1050; x_wconf 91' lang='lat' dir='ltr'><strong>aliae</strong></span> <span class='ocrx_word' id='word_1_30' title='bbox 593 975 824 1077; x_wconf 86' lang='lat' dir='ltr'><strong>incorporeae,</strong></span> <span class='ocrx_word' id='word_1_31' title='bbox 854 984 921 1054; x_wconf 89' lang='lat' dir='ltr'><strong>etc.</strong></span> <span class='ocrx_word' id='word_1_32' title='bbox 955 975 1053 1078; x_wconf 91' lang='lat' dir='ltr'><strong>(Cap.</strong></span> <span class='ocrx_word' id='word_1_33' title='bbox 1087 979 1153 1076; x_wconf 82' lang='lat'>11);</span> <span class='ocrx_word' id='word_1_34' title='bbox 1189 987 1310 1058; x_wconf 79' lang='lat' dir='ltr'><strong>»tum</strong></span> 
     </span>
     <span class='ocr_line' id='line_1_6' title="bbox 140 1107 1310 1205; baseline 0.009 -24"><span class='ocrx_word' id='word_1_35' title='bbox 140 1112 295 1205; x_wconf 89' lang='lat' dir='ltr'><strong>quatuor</strong></span> <span class='ocrx_word' id='word_1_36' title='bbox 342 1107 576 1184; x_wconf 87' lang='lat' dir='ltr'><strong>terminorum</strong></span> <span class='ocrx_word' id='word_1_37' title='bbox 617 1109 768 1186; x_wconf 69' lang='lat' dir='ltr'><strong>asarta</strong></span> <span class='ocrx_word' id='word_1_38' title='bbox 808 1112 1036 1202; x_wconf 80' lang='lat' dir='ltr'><strong>substantio,</strong></span> <span class='ocrx_word' id='word_1_39' title='bbox 1083 1113 1310 1192; x_wconf 78' lang='lat' dir='ltr'><strong>subsistantia</strong></span> 
     </span>
     <span class='ocr_line' id='line_1_7' title="bbox 140 1242 1310 1352; baseline 0.006 -37"><span class='ocrx_word' id='word_1_40' title='bbox 140 1264 181 1316; x_wconf 91' lang='lat' dir='ltr'><strong>ac</strong></span> <span class='ocrx_word' id='word_1_41' title='bbox 218 1264 391 1352; x_wconf 79' lang='lat' dir='ltr'><strong>perrona</strong></span> <span class='ocrx_word' id='word_1_42' title='bbox 411 1265 495 1317; x_wconf 91' lang='lat' dir='ltr'><strong>cnm</strong></span> <span class='ocrx_word' id='word_1_43' title='bbox 538 1243 660 1343; x_wconf 84' lang='lat' dir='ltr'><strong>graecis</strong></span> <span class='ocrx_word' id='word_1_44' title='bbox 698 1242 906 1320; x_wconf 90' lang='lat' dir='ltr'><strong>nominibus</strong></span> <span class='ocrx_word' id='word_1_45' title='bbox 943 1243 1132 1344; x_wconf 77' lang='lat' dir='ltr'><strong>aequivocis</strong></span> <span class='ocrx_word' id='word_1_46' title='bbox 1169 1243 1310 1323; x_wconf 88' lang='lat' dir='ltr'><strong>collatio</strong></span> 
     </span>
     <span class='ocr_line' id='line_1_8' title="bbox 141 1373 1312 1480; baseline 0.004 -33"><span class='ocrx_word' id='word_1_47' title='bbox 141 1375 238 1474; x_wconf 84' lang='lat' dir='ltr'><strong>(Cap.</strong></span> <span class='ocrx_word' id='word_1_48' title='bbox 266 1374 351 1472; x_wconf 82' lang='lat' dir='ltr'><strong>ttl);</strong></span> <span class='ocrx_word' id='word_1_49' title='bbox 377 1373 524 1451; x_wconf 88' lang='lat' dir='ltr'><strong>demum</strong></span> <span class='ocrx_word' id='word_1_50' title='bbox 550 1375 717 1453; x_wconf 78' lang='lat' dir='ltr'><strong>refutatio</strong></span> <span class='ocrx_word' id='word_1_51' title='bbox 745 1377 898 1453; x_wconf 85' lang='lat' dir='ltr'><strong>Nestorii</strong></span> <span class='ocrx_word' id='word_1_52' title='bbox 921 1377 1020 1479; x_wconf 90' lang='lat' dir='ltr'><strong>(Cap.</strong></span> <span class='ocrx_word' id='word_1_53' title='bbox 1044 1377 1118 1474; x_wconf 85' lang='lat' dir='ltr'><strong>lv),</strong></span> <span class='ocrx_word' id='word_1_54' title='bbox 1143 1386 1179 1454; x_wconf 88' lang='lat' dir='ltr'><strong>et</strong></span> <span class='ocrx_word' id='word_1_55' title='bbox 1199 1379 1312 1480; x_wconf 87' lang='lat' dir='ltr'><strong>Euty·</strong></span> 
     </span>
     <span class='ocr_line' id='line_1_9' title="bbox 140 1492 1388 1612; baseline 0.004 -29"><span class='ocrx_word' id='word_1_56' title='bbox 140 1505 252 1583; x_wconf 88' lang='lat' dir='ltr'><strong>chetis</strong></span> <span class='ocrx_word' id='word_1_57' title='bbox 269 1507 366 1608; x_wconf 90' lang='lat' dir='ltr'><strong>(Cap.</strong></span> <span class='ocrx_word' id='word_1_58' title='bbox 385 1510 460 1604; x_wconf 86' lang='lat' dir='ltr'><strong>Vl),</strong></span> <span class='ocrx_word' id='word_1_59' title='bbox 482 1518 554 1585; x_wconf 86' lang='lat' dir='ltr'><strong>tarn</strong></span> <span class='ocrx_word' id='word_1_60' title='bbox 570 1534 692 1610; x_wconf 89' lang='lat' dir='ltr'><strong>pressa</strong></span> <span class='ocrx_word' id='word_1_61' title='bbox 708 1510 982 1612; x_wconf 81' lang='lat' dir='ltr'><strong>argumentandi</strong></span> <span class='ocrx_word' id='word_1_62' title='bbox 1000 1509 1147 1611; x_wconf 91' lang='lat' dir='ltr'><strong>ratione,</strong></span> <span class='ocrx_word' id='word_1_63' title='bbox 1167 1534 1209 1588; x_wconf 92' lang='lat' dir='ltr'><strong>ao</strong></span> <span class='ocrx_word' id='word_1_64' title='bbox 1223 1535 1313 1588; x_wconf 83' lang='lat' dir='ltr'><strong>con·</strong></span> <span class='ocrx_word' id='word_1_65' title='bbox 1385 1492 1388 1498; x_wconf 26' lang='lat'><strong>¹</strong></span> 
     </span>
     <span class='ocr_line' id='line_1_10' title="bbox 140 1640 1311 1747; baseline 0.003 -29"><span class='ocrx_word' id='word_1_66' title='bbox 140 1640 253 1718; x_wconf 91' lang='lat' dir='ltr'><strong>clusio</strong></span> <span class='ocrx_word' id='word_1_67' title='bbox 288 1641 396 1718; x_wconf 90' lang='lat' dir='ltr'><strong>totius</strong></span> <span class='ocrx_word' id='word_1_68' title='bbox 421 1642 680 1743; x_wconf 89' lang='lat' dir='ltr'><strong>disquisitionis</strong></span> <span class='ocrx_word' id='word_1_69' title='bbox 711 1646 748 1722; x_wconf 93' lang='lat' dir='ltr'><strong>in</strong></span> <span class='ocrx_word' id='word_1_70' title='bbox 776 1646 843 1723; x_wconf 90' lang='lat' dir='ltr'><strong>hac</strong></span> <span class='ocrx_word' id='word_1_71' title='bbox 870 1647 983 1723; x_wconf 79' lang='lat' dir='ltr'><strong>taedio</strong></span> <span class='ocrx_word' id='word_1_72' title='bbox 1005 1648 1175 1722; x_wconf 81' lang='lat' dir='ltr'><strong>scatentia</strong></span> <span class='ocrx_word' id='word_1_73' title='bbox 1201 1652 1311 1747; x_wconf 87' lang='lat' dir='ltr'><strong>quam</strong></span> 
     </span>
     <span class='ocr_line' id='line_1_11' title="bbox 140 1775 1311 1875; baseline 0.007 -26"><span class='ocrx_word' id='word_1_74' title='bbox 140 1782 237 1851; x_wconf 87' lang='lat' dir='ltr'><strong>tenet</strong></span> <span class='ocrx_word' id='word_1_75' title='bbox 272 1775 427 1852; x_wconf 81' lang='lat' dir='ltr'><strong>Ecclesia</strong></span> <span class='ocrx_word' id='word_1_76' title='bbox 462 1775 655 1875; x_wconf 79' lang='lat' dir='ltr'><strong>catholica3</strong></span> <span class='ocrx_word' id='word_1_77' title='bbox 684 1779 761 1856; x_wconf 89' lang='lat' dir='ltr'><strong>haec</strong></span> <span class='ocrx_word' id='word_1_78' title='bbox 792 1787 865 1854; x_wconf 90' lang='lat' dir='ltr'><strong>tarn</strong></span> <span class='ocrx_word' id='word_1_79' title='bbox 894 1779 1007 1855; x_wconf 90' lang='lat' dir='ltr'><strong>ardna</strong></span> <span class='ocrx_word' id='word_1_80' title='bbox 1034 1779 1185 1859; x_wconf 89' lang='lat' dir='ltr'><strong>materia</strong></span> <span class='ocrx_word' id='word_1_81' title='bbox 1212 1787 1311 1857; x_wconf 89' lang='lat' dir='ltr'><strong>tanta</strong></span> 
     </span>
     <span class='ocr_line' id='line_1_12' title="bbox 139 1907 1312 2014; baseline 0.006 -31"><span class='ocrx_word' id='word_1_82' title='bbox 139 1907 281 1986; x_wconf 88' lang='lat' dir='ltr'><strong>dicandi</strong></span> <span class='ocrx_word' id='word_1_83' title='bbox 306 1909 488 2010; x_wconf 81' lang='lat' dir='ltr'><strong>diligentia</strong></span> <span class='ocrx_word' id='word_1_84' title='bbox 508 1935 549 1988; x_wconf 90' lang='lat' dir='ltr'><strong>ao</strong></span> <span class='ocrx_word' id='word_1_85' title='bbox 576 1911 748 2012; x_wconf 85' lang='lat' dir='ltr'><strong>gravitate</strong></span> <span class='ocrx_word' id='word_1_86' title='bbox 765 1911 964 1990; x_wconf 87' lang='lat' dir='ltr'><strong>luculenter</strong></span> <span class='ocrx_word' id='word_1_87' title='bbox 979 1912 1150 2014; x_wconf 84' lang='lat' dir='ltr'><strong>exposita,</strong></span> <span class='ocrx_word' id='word_1_88' title='bbox 1171 1912 1312 1990; x_wconf 90' lang='lat' dir='ltr'><strong>nullum</strong></span> 
     </span>
     <span class='ocr_line' id='line_1_13' title="bbox 87 2028 1313 2145; baseline 0.005 -28"><span class='ocrx_word' id='word_1_89' title='bbox 87 2028 90 2034; x_wconf 60' lang='grc'><strong>’</strong></span> <span class='ocrx_word' id='word_1_90' title='bbox 140 2040 261 2140; x_wconf 87' lang='lat' dir='ltr'><strong>alium,</strong></span> <span class='ocrx_word' id='word_1_91' title='bbox 278 2041 346 2117; x_wconf 91' lang='lat' dir='ltr'><strong>nisi</strong></span> <span class='ocrx_word' id='word_1_92' title='bbox 363 2042 536 2145; x_wconf 85' lang='lat' dir='ltr'><strong>Boetium,</strong></span> <span class='ocrx_word' id='word_1_93' title='bbox 553 2053 733 2122; x_wconf 87' lang='lat' dir='ltr'><strong>auctorem</strong></span> <span class='ocrx_word' id='word_1_94' title='bbox 752 2043 985 2145; x_wconf 88' lang='lat' dir='ltr'><strong>proclamant.</strong></span> <span class='ocrx_word' id='word_1_95' title='bbox 998 2045 1195 2122; x_wconf 79' lang='lat' dir='ltr'><strong>Audiamus</strong></span> <span class='ocrx_word' id='word_1_96' title='bbox 1211 2045 1313 2123; x_wconf 90' lang='lat' dir='ltr'><strong>illum</strong></span> 
     </span>
     <span class='ocr_line' id='line_1_14' title="bbox 139 2175 1312 2279; baseline 0.005 -29"><span class='ocrx_word' id='word_1_97' title='bbox 139 2175 329 2275; x_wconf 89' lang='lat' dir='ltr'><strong>quaestioni</strong></span> <span class='ocrx_word' id='word_1_98' title='bbox 343 2175 387 2251; x_wconf 90' lang='lat' dir='ltr'><strong>de</strong></span> <span class='ocrx_word' id='word_1_99' title='bbox 402 2198 474 2275; x_wconf 90' lang='lat' dir='ltr'><strong>qna</strong></span> <span class='ocrx_word' id='word_1_100' title='bbox 489 2177 607 2277; x_wconf 85' lang='lat' dir='ltr'><strong>agitur</strong></span> <span class='ocrx_word' id='word_1_101' title='bbox 627 2176 664 2251; x_wconf 94' lang='lat' dir='ltr'><strong>in</strong></span> <span class='ocrx_word' id='word_1_102' title='bbox 685 2177 843 2276; x_wconf 87' lang='lat' dir='ltr'><strong>Epistola</strong></span> <span class='ocrx_word' id='word_1_103' title='bbox 862 2178 1164 2279; x_wconf 89' lang='lat' dir='ltr'><strong>respondentem:</strong></span> <span class='ocrx_word' id='word_1_104' title='bbox 1184 2209 1199 2245; x_wconf 75' lang='lat' dir='ltr'><strong>a</strong></span> <span class='ocrx_word' id='word_1_105' title='bbox 1218 2179 1312 2256; x_wconf 91' lang='lat' dir='ltr'><strong>achi</strong></span> 
     </span>
     <span class='ocr_line' id='line_1_15' title="bbox 135 2307 1313 2409; baseline 0.005 -28"><span class='ocrx_word' id='word_1_106' title='bbox 135 2307 188 2383; x_wconf 91' lang='lat' dir='ltr'><strong>ita</strong></span> <span class='ocrx_word' id='word_1_107' title='bbox 208 2308 308 2384; x_wconf 88' lang='lat' dir='ltr'><strong>aiunt</strong></span> <span class='ocrx_word' id='word_1_108' title='bbox 328 2335 367 2383; x_wconf 78' lang='lat' dir='ltr'><strong>ea</strong></span> <span class='ocrx_word' id='word_1_109' title='bbox 384 2308 525 2385; x_wconf 90' lang='lat' dir='ltr'><strong>duabus</strong></span> <span class='ocrx_word' id='word_1_110' title='bbox 541 2309 687 2409; x_wconf 92' lang='lat' dir='ltr'><strong>quidem</strong></span> <span class='ocrx_word' id='word_1_111' title='bbox 707 2310 844 2386; x_wconf 90' lang='lat' dir='ltr'><strong>naturis</strong></span> <span class='ocrx_word' id='word_1_112' title='bbox 861 2310 1042 2387; x_wconf 87' lang='lat' dir='ltr'><strong>Christum</strong></span> <span class='ocrx_word' id='word_1_113' title='bbox 1061 2311 1263 2389; x_wconf 88' lang='lat' dir='ltr'><strong>consistere</strong></span> <span class='ocrx_word' id='word_1_114' title='bbox 1272 2313 1313 2387; x_wconf 82' lang='lat' dir='ltr'><strong>in</strong></span> 
     </span>
     <span class='ocr_line' id='line_1_16' title="bbox 138 2441 1312 2545; baseline 0.003 -27"><span class='ocrx_word' id='word_1_115' title='bbox 138 2441 279 2519; x_wconf 91' lang='lat' dir='ltr'><strong>duabus</strong></span> <span class='ocrx_word' id='word_1_116' title='bbox 295 2467 378 2520; x_wconf 87' lang='lat' dir='ltr'><strong>varo</strong></span> <span class='ocrx_word' id='word_1_117' title='bbox 393 2442 540 2520; x_wconf 87' lang='lat' dir='ltr'><strong>minime</strong></span> <span class='ocrx_word' id='word_1_118' title='bbox 606 2445 683 2519; x_wconf 87' lang='lat' dir='ltr'><strong>Non</strong></span> <span class='ocrx_word' id='word_1_119' title='bbox 699 2443 794 2520; x_wconf 90' lang='lat' dir='ltr'><strong>enim</strong></span> <span class='ocrx_word' id='word_1_120' title='bbox 814 2443 944 2544; x_wconf 89' lang='lat' dir='ltr'><strong>poterit</strong></span> <span class='ocrx_word' id='word_1_121' title='bbox 962 2445 1001 2518; x_wconf 81' lang='lat' dir='ltr'><strong>in</strong></span> <span class='ocrx_word' id='word_1_122' title='bbox 1020 2444 1182 2545; x_wconf 89' lang='lat' dir='ltr'><strong>utrisque</strong></span> <span class='ocrx_word' id='word_1_123' title='bbox 1201 2469 1312 2522; x_wconf 86' lang='lat' dir='ltr'><strong>cons-</strong></span> 
     </span>
     <span class='ocr_line' id='line_1_17' title="bbox 139 2575 1312 2677; baseline 0.003 -27"><span class='ocrx_word' id='word_1_124' title='bbox 139 2583 225 2676; x_wconf 83' lang='lat' dir='ltr'><strong>tare,</strong></span> <span class='ocrx_word' id='word_1_125' title='bbox 245 2575 391 2675; x_wconf 91' lang='lat' dir='ltr'><strong>qoando</strong></span> <span class='ocrx_word' id='word_1_126' title='bbox 414 2585 649 2675; x_wconf 89' lang='lat' dir='ltr'><strong>utrorumque</strong></span> <span class='ocrx_word' id='word_1_127' title='bbox 668 2583 794 2651; x_wconf 86' lang='lat' dir='ltr'><strong>natura</strong></span> <span class='ocrx_word' id='word_1_128' title='bbox 814 2600 886 2652; x_wconf 92' lang='lat' dir='ltr'><strong>non</strong></span> <span class='ocrx_word' id='word_1_129' title='bbox 908 2586 1112 2677; x_wconf 78' lang='lat' dir='ltr'><strong>permanet3</strong></span> <span class='ocrx_word' id='word_1_130' title='bbox 1138 2603 1178 2653; x_wconf 81' lang='lat' dir='ltr'><strong>ea</strong></span> <span class='ocrx_word' id='word_1_131' title='bbox 1196 2577 1312 2653; x_wconf 84' lang='lat' dir='ltr'><strong>utris-</strong></span> 
     </span>
     <span class='ocr_line' id='line_1_18' title="bbox 140 2708 1310 2810; baseline 0.002 -25"><span class='ocrx_word' id='word_1_132' title='bbox 140 2733 211 2810; x_wconf 90' lang='lat' dir='ltr'><strong>que</strong></span> <span class='ocrx_word' id='word_1_133' title='bbox 236 2709 331 2786; x_wconf 86' lang='lat' dir='ltr'><strong>enim</strong></span> <span class='ocrx_word' id='word_1_134' title='bbox 357 2718 521 2786; x_wconf 89' lang='lat' dir='ltr'><strong>constare</strong></span> <span class='ocrx_word' id='word_1_135' title='bbox 545 2716 673 2809; x_wconf 83' lang='lat' dir='ltr'><strong>potest,</strong></span> <span class='ocrx_word' id='word_1_136' title='bbox 699 2708 780 2785; x_wconf 91' lang='lat' dir='ltr'><strong>licet</strong></span> <span class='ocrx_word' id='word_1_137' title='bbox 800 2733 842 2786; x_wconf 88' lang='lat' dir='ltr'><strong>ea</strong></span> <span class='ocrx_word' id='word_1_138' title='bbox 862 2733 904 2784; x_wconf 85' lang='lat' dir='ltr'><strong>er</strong></span> <span class='ocrx_word' id='word_1_139' title='bbox 929 2709 1062 2808; x_wconf 90' lang='lat' dir='ltr'><strong>quibus</strong></span> <span class='ocrx_word' id='word_1_140' title='bbox 1081 2710 1310 2810; x_wconf 80' lang='lat' dir='ltr'><strong>conjungitur</strong></span> 
     </span>
     <span class='ocr_line' id='line_1_19' title="bbox 140 2841 1310 2944; baseline -0.003 -24"><span class='ocrx_word' id='word_1_141' title='bbox 140 2843 311 2920; x_wconf 89' lang='lat' dir='ltr'><strong>alterutra</strong></span> <span class='ocrx_word' id='word_1_142' title='bbox 335 2842 506 2944; x_wconf 88' lang='lat' dir='ltr'><strong>qualitate</strong></span> <span class='ocrx_word' id='word_1_143' title='bbox 530 2850 697 2942; x_wconf 90' lang='lat' dir='ltr'><strong>corrupta</strong></span> <span class='ocrx_word' id='word_1_144' title='bbox 722 2842 802 2920; x_wconf 91' lang='lat' dir='ltr'><strong>sint.</strong></span> <span class='ocrx_word' id='word_1_145' title='bbox 830 2842 872 2917; x_wconf 93' lang='lat' dir='ltr'><strong>ln</strong></span> <span class='ocrx_word' id='word_1_146' title='bbox 896 2841 1058 2941; x_wconf 86' lang='lat' dir='ltr'><strong>utrisque</strong></span> <span class='ocrx_word' id='word_1_147' title='bbox 1078 2864 1160 2920; x_wconf 87' lang='lat' dir='ltr'><strong>vero</strong></span> <span class='ocrx_word' id='word_1_148' title='bbox 1179 2843 1310 2942; x_wconf 88' lang='lat' dir='ltr'><strong>hujus-</strong></span> 
     </span>
     <span class='ocr_line' id='line_1_20' title="bbox 140 2972 1309 3076; baseline 0 -24"><span class='ocrx_word' id='word_1_149' title='bbox 140 2975 236 3052; x_wconf 91' lang='lat' dir='ltr'><strong>modi</strong></span> <span class='ocrx_word' id='word_1_150' title='bbox 255 2984 419 3053; x_wconf 85' lang='lat' dir='ltr'><strong>constare</strong></span> <span class='ocrx_word' id='word_1_151' title='bbox 435 3001 505 3052; x_wconf 89' lang='lat' dir='ltr'><strong>non</strong></span> <span class='ocrx_word' id='word_1_152' title='bbox 522 2973 664 3076; x_wconf 86' lang='lat' dir='ltr'><strong>poterit,</strong></span> <span class='ocrx_word' id='word_1_153' title='bbox 682 2973 854 3074; x_wconf 89' lang='lat' dir='ltr'><strong>quoniam</strong></span> <span class='ocrx_word' id='word_1_154' title='bbox 870 2997 912 3051; x_wconf 89' lang='lat' dir='ltr'><strong>ea</strong></span> <span class='ocrx_word' id='word_1_155' title='bbox 927 2997 1007 3074; x_wconf 90' lang='lat' dir='ltr'><strong>qnae</strong></span> <span class='ocrx_word' id='word_1_156' title='bbox 1021 2972 1060 3049; x_wconf 92' lang='lat' dir='ltr'><strong>in</strong></span> <span class='ocrx_word' id='word_1_157' title='bbox 1075 2997 1113 3051; x_wconf 88' lang='lat' dir='ltr'><strong>se</strong></span> <span class='ocrx_word' id='word_1_158' title='bbox 1127 2973 1309 3052; x_wconf 88' lang='lat' dir='ltr'><strong>transfusa</strong></span> 
     </span>
     <span class='ocr_line' id='line_1_21' title="bbox 140 3106 1308 3209; baseline -0.001 -23"><span class='ocrx_word' id='word_1_159' title='bbox 140 3117 223 3186; x_wconf 91' lang='lat' dir='ltr'><strong>sunt</strong></span> <span class='ocrx_word' id='word_1_160' title='bbox 245 3133 316 3186; x_wconf 92' lang='lat' dir='ltr'><strong>non</strong></span> <span class='ocrx_word' id='word_1_161' title='bbox 341 3118 499 3207; x_wconf 90' lang='lat' dir='ltr'><strong>manent,</strong></span> <span class='ocrx_word' id='word_1_162' title='bbox 521 3133 562 3185; x_wconf 90' lang='lat' dir='ltr'><strong>ac</strong></span> <span class='ocrx_word' id='word_1_163' title='bbox 582 3133 653 3185; x_wconf 89' lang='lat' dir='ltr'><strong>noa</strong></span> <span class='ocrx_word' id='word_1_164' title='bbox 678 3115 761 3184; x_wconf 90' lang='lat' dir='ltr'><strong>sunt</strong></span> <span class='ocrx_word' id='word_1_165' title='bbox 776 3115 928 3209; x_wconf 91' lang='lat' dir='ltr'><strong>utraque</strong></span> <span class='ocrx_word' id='word_1_166' title='bbox 946 3107 985 3182; x_wconf 90' lang='lat' dir='ltr'><strong>in</strong></span> <span class='ocrx_word' id='word_1_167' title='bbox 1000 3106 1130 3208; x_wconf 91' lang='lat' dir='ltr'><strong>quibus</strong></span> <span class='ocrx_word' id='word_1_168' title='bbox 1145 3115 1308 3186; x_wconf 88' lang='lat' dir='ltr'><strong>constare</strong></span> 
     </span>
     <span class='ocr_line' id='line_1_22' title="bbox 139 3239 1309 3344; baseline -0.004 -22"><span class='ocrx_word' id='word_1_169' title='bbox 139 3244 316 3344; x_wconf 73' lang='lat' dir='ltr'><strong>videatur,</strong></span> <span class='ocrx_word' id='word_1_170' title='bbox 332 3267 413 3320; x_wconf 89' lang='lat' dir='ltr'><strong>cum</strong></span> <span class='ocrx_word' id='word_1_171' title='bbox 433 3269 475 3319; x_wconf 86' lang='lat' dir='ltr'><strong>ex</strong></span> <span class='ocrx_word' id='word_1_172' title='bbox 495 3243 654 3342; x_wconf 89' lang='lat' dir='ltr'><strong>utrisque</strong></span> <span class='ocrx_word' id='word_1_173' title='bbox 675 3240 712 3317; x_wconf 92' lang='lat' dir='ltr'><strong>in</strong></span> <span class='ocrx_word' id='word_1_174' title='bbox 727 3241 937 3318; x_wconf 81' lang='lat' dir='ltr'><strong>seinvicem</strong></span> <span class='ocrx_word' id='word_1_175' title='bbox 956 3239 1169 3340; x_wconf 88' lang='lat' dir='ltr'><strong>qualitatum</strong></span> <span class='ocrx_word' id='word_1_176' title='bbox 1190 3247 1309 3317; x_wconf 90' lang='lat' dir='ltr'><strong>muta·</strong></span> 
     </span>
     <span class='ocr_line' id='line_1_23' title="bbox 140 3358 1312 3474; baseline -0.003 -21"><span class='ocrx_word' id='word_1_177' title='bbox 140 3377 236 3454; x_wconf 91' lang='lat' dir='ltr'><strong>tione</strong></span> <span class='ocrx_word' id='word_1_178' title='bbox 253 3376 453 3456; x_wconf 84' lang='lat' dir='ltr'><strong>transfusis.</strong></span> <span class='ocrx_word' id='word_1_179' title='bbox 468 3376 639 3453; x_wconf 86' lang='lat' dir='ltr'><strong>Catholici</strong></span> <span class='ocrx_word' id='word_1_180' title='bbox 655 3399 738 3454; x_wconf 87' lang='lat' dir='ltr'><strong>vero</strong></span> <span class='ocrx_word' id='word_1_181' title='bbox 754 3377 946 3474; x_wconf 87' lang='lat' dir='ltr'><strong>utrumque</strong></span> <span class='ocrx_word' id='word_1_182' title='bbox 961 3358 1217 3450; x_wconf 87' lang='lat' dir='ltr'><strong>rationabiliter</strong></span> <span class='ocrx_word' id='word_1_183' title='bbox 1226 3361 1312 3451; x_wconf 51' lang='lat' dir='ltr'><strong>con-¹</strong></span> 
     </span>
     <span class='ocr_line' id='line_1_24' title="bbox 138 3506 1309 3612; baseline -0.004 -24"><span class='ocrx_word' id='word_1_184' title='bbox 138 3512 296 3610; x_wconf 84' lang='lat' dir='ltr'><strong>fitentur,</strong></span> <span class='ocrx_word' id='word_1_185' title='bbox 314 3536 398 3589; x_wconf 88' lang='lat' dir='ltr'><strong>nam</strong></span> <span class='ocrx_word' id='word_1_186' title='bbox 417 3519 451 3589; x_wconf 91' lang='lat' dir='ltr'><strong>et</strong></span> <span class='ocrx_word' id='word_1_187' title='bbox 467 3538 506 3588; x_wconf 83' lang='lat' dir='ltr'><strong>ea</strong></span> <span class='ocrx_word' id='word_1_188' title='bbox 520 3511 682 3612; x_wconf 88' lang='lat' dir='ltr'><strong>utrisque</strong></span> <span class='ocrx_word' id='word_1_189' title='bbox 695 3508 834 3586; x_wconf 89' lang='lat' dir='ltr'><strong>naturis</strong></span> <span class='ocrx_word' id='word_1_190' title='bbox 850 3507 1031 3584; x_wconf 82' lang='lat' dir='ltr'><strong>Christum</strong></span> <span class='ocrx_word' id='word_1_191' title='bbox 1046 3519 1077 3582; x_wconf 86' lang='lat' dir='ltr'><strong>ct</strong></span> <span class='ocrx_word' id='word_1_192' title='bbox 1090 3507 1130 3580; x_wconf 81' lang='lat' dir='ltr'><strong>tn</strong></span> <span class='ocrx_word' id='word_1_193' title='bbox 1147 3506 1309 3608; x_wconf 91' lang='lat' dir='ltr'><strong>utrisque</strong></span> 
     </span>
     <span class='ocr_line' id='line_1_25' title="bbox 140 3640 1309 3745; baseline -0.005 -22"><span class='ocrx_word' id='word_1_194' title='bbox 140 3646 386 3726; x_wconf 78' lang='lat' dir='ltr'><strong>consistere...</strong></span> <span class='ocrx_word' id='word_1_195' title='bbox 404 3645 441 3721; x_wconf 90' lang='lat' dir='ltr'><strong>in</strong></span> <span class='ocrx_word' id='word_1_196' title='bbox 457 3645 617 3745; x_wconf 89' lang='lat' dir='ltr'><strong>utrisque</strong></span> <span class='ocrx_word' id='word_1_197' title='bbox 632 3642 786 3744; x_wconf 86' lang='lat' dir='ltr'><strong>quidem,</strong></span> <span class='ocrx_word' id='word_1_198' title='bbox 803 3640 888 3741; x_wconf 90' lang='lat' dir='ltr'><strong>quia</strong></span> <span class='ocrx_word' id='word_1_199' title='bbox 910 3645 1057 3717; x_wconf 89' lang='lat' dir='ltr'><strong>manent</strong></span> <span class='ocrx_word' id='word_1_200' title='bbox 1076 3648 1247 3740; x_wconf 78' lang='lat' dir='ltr'><strong>utraaqne3</strong></span> <span class='ocrx_word' id='word_1_201' title='bbox 1267 3663 1309 3719; x_wconf 86' lang='lat' dir='ltr'><strong>ex</strong></span> 
     </span>
     <span class='ocr_line' id='line_1_26' title="bbox 140 3757 1309 3880; baseline -0.004 -25"><span class='ocrx_word' id='word_1_202' title='bbox 140 3760 312 3880; x_wconf 87' lang='lat' dir='ltr'><strong>utrisque</strong></span> <span class='ocrx_word' id='word_1_203' title='bbox 330 3757 430 3878; x_wconf 84' lang='lat' dir='ltr'><strong>vero,</strong></span> <span class='ocrx_word' id='word_1_204' title='bbox 459 3778 543 3880; x_wconf 90' lang='lat' dir='ltr'><strong>quia</strong></span> <span class='ocrx_word' id='word_1_205' title='bbox 567 3786 802 3875; x_wconf 88' lang='lat' dir='ltr'><strong>utrarumque</strong></span> <span class='ocrx_word' id='word_1_206' title='bbox 827 3772 1045 3852; x_wconf 86' lang='lat' dir='ltr'><strong>adunatione</strong></span> <span class='ocrx_word' id='word_1_207' title='bbox 1073 3771 1309 3871; x_wconf 86' lang='lat' dir='ltr'><strong>manentium,</strong></span> 
     </span>
     <span class='ocr_line' id='line_1_27' title="bbox 141 3909 952 4014; baseline -0.012 -27"><span class='ocrx_word' id='word_1_208' title='bbox 141 3936 212 3988; x_wconf 78' lang='lat' dir='ltr'><strong>arna</strong></span> <span class='ocrx_word' id='word_1_209' title='bbox 228 3937 381 4014; x_wconf 89' lang='lat' dir='ltr'><strong>persona</strong></span> <span class='ocrx_word' id='word_1_210' title='bbox 395 3912 437 3987; x_wconf 87' lang='lat' dir='ltr'><strong>fit</strong></span> <span class='ocrx_word' id='word_1_211' title='bbox 454 3910 582 3988; x_wconf 88' lang='lat' dir='ltr'><strong>Christi</strong></span> <span class='ocrx_word' id='word_1_212' title='bbox 598 3911 699 4011; x_wconf 89' lang='lat' dir='ltr'><strong>(Cap.</strong></span> <span class='ocrx_word' id='word_1_213' title='bbox 717 3910 763 3986; x_wconf 91' lang='lat' dir='ltr'><strong>Vl</strong></span> <span class='ocrx_word' id='word_1_214' title='bbox 777 3917 812 3986; x_wconf 88' lang='lat' dir='ltr'><strong>et</strong></span> <span class='ocrx_word' id='word_1_215' title='bbox 826 3909 917 4004; x_wconf 85' lang='lat' dir='ltr'><strong>Vll).</strong></span> <span class='ocrx_word' id='word_1_216' title='bbox 937 3942 952 3977; x_wconf 68' lang='lat' dir='ltr'><strong>a</strong></span> 
     </span>
    </p>

    <p class='ocr_par' dir='ltr' id='par_1_5' title="bbox 102 4040 1313 4545">
     <span class='ocr_line' id='line_1_28' title="bbox 194 4040 1308 4146; baseline -0.002 -26"><span class='ocrx_word' id='word_1_217' title='bbox 194 4047 296 4123; x_wconf 86' lang='lat' dir='ltr'><strong>Licet</strong></span> <span class='ocrx_word' id='word_1_218' title='bbox 311 4071 351 4123; x_wconf 88' lang='lat' dir='ltr'><strong>ea</strong></span> <span class='ocrx_word' id='word_1_219' title='bbox 377 4070 524 4146; x_wconf 85' lang='lat' dir='ltr'><strong>prorsus</strong></span> <span class='ocrx_word' id='word_1_220' title='bbox 542 4046 750 4146; x_wconf 81' lang='lat' dir='ltr'><strong>ignoremus</strong></span> <span class='ocrx_word' id='word_1_221' title='bbox 768 4066 848 4143; x_wconf 85' lang='lat' dir='ltr'><strong>quae</strong></span> <span class='ocrx_word' id='word_1_222' title='bbox 867 4050 993 4119; x_wconf 82' lang='lat' dir='ltr'><strong>caetera</strong></span> <span class='ocrx_word' id='word_1_223' title='bbox 1008 4040 1182 4142; x_wconf 88' lang='lat' dir='ltr'><strong>opuscula</strong></span> <span class='ocrx_word' id='word_1_224' title='bbox 1201 4065 1308 4127; x_wconf 88' lang='lat' dir='ltr'><strong>cons-</strong></span> 
     </span>
     <span class='ocr_line' id='line_1_29' title="bbox 141 4175 1309 4276; baseline -0.006 -18"><span class='ocrx_word' id='word_1_225' title='bbox 141 4180 300 4258; x_wconf 87' lang='lat' dir='ltr'><strong>cribendi</strong></span> <span class='ocrx_word' id='word_1_226' title='bbox 324 4179 444 4257; x_wconf 86' lang='lat' dir='ltr'><strong>Boetio</strong></span> <span class='ocrx_word' id='word_1_227' title='bbox 467 4178 588 4254; x_wconf 91' lang='lat' dir='ltr'><strong>locum</strong></span> <span class='ocrx_word' id='word_1_228' title='bbox 606 4177 779 4276; x_wconf 85' lang='lat' dir='ltr'><strong>dederint,</strong></span> <span class='ocrx_word' id='word_1_229' title='bbox 801 4175 837 4250; x_wconf 90' lang='lat' dir='ltr'><strong>id</strong></span> <span class='ocrx_word' id='word_1_230' title='bbox 857 4200 898 4251; x_wconf 84' lang='lat' dir='ltr'><strong>ex</strong></span> <span class='ocrx_word' id='word_1_231' title='bbox 919 4175 1205 4252; x_wconf 86' lang='lat' dir='ltr'><strong>adversariorum</strong></span> <span class='ocrx_word' id='word_1_232' title='bbox 1220 4197 1309 4251; x_wconf 87' lang='lat' dir='ltr'><strong>con·</strong></span> 
     </span>
     <span class='ocr_line' id='line_1_30' title="bbox 102 4308 1312 4412; baseline -0.006 -22"><span class='ocrx_word' id='word_1_233' title='bbox 102 4329 105 4334; x_wconf 83' lang='grc'><em>’</em></span> <span class='ocrx_word' id='word_1_234' title='bbox 139 4315 294 4391; x_wconf 86' lang='lat' dir='ltr'><strong>fossione</strong></span> <span class='ocrx_word' id='word_1_235' title='bbox 318 4312 509 4390; x_wconf 89' lang='lat' dir='ltr'><strong>recolimus</strong></span> <span class='ocrx_word' id='word_1_236' title='bbox 532 4312 608 4388; x_wconf 86' lang='lat' dir='ltr'><strong>haeo</strong></span> <span class='ocrx_word' id='word_1_237' title='bbox 632 4309 805 4412; x_wconf 83' lang='lat' dir='ltr'><strong>opuscula</strong></span> <span class='ocrx_word' id='word_1_238' title='bbox 829 4310 875 4386; x_wconf 89' lang='lat' dir='ltr'><strong>ad</strong></span> <span class='ocrx_word' id='word_1_239' title='bbox 900 4308 1015 4385; x_wconf 86' lang='lat' dir='ltr'><strong>Boetii</strong></span> <span class='ocrx_word' id='word_1_240' title='bbox 1035 4316 1177 4406; x_wconf 87' lang='lat' dir='ltr'><strong>tempus</strong></span> <span class='ocrx_word' id='word_1_241' title='bbox 1201 4308 1312 4409; x_wconf 89' lang='lat' dir='ltr'><strong>perti·</strong></span> 
     </span>
     <span class='ocr_line' id='line_1_31' title="bbox 139 4441 1313 4545; baseline -0.003 -21"><span class='ocrx_word' id='word_1_242' title='bbox 139 4471 236 4527; x_wconf 88' lang='lat' dir='ltr'><strong>nere.</strong></span> <span class='ocrx_word' id='word_1_243' title='bbox 261 4447 324 4525; x_wconf 90' lang='lat' dir='ltr'><strong>Ille</strong></span> <span class='ocrx_word' id='word_1_244' title='bbox 347 4447 447 4525; x_wconf 92' lang='lat' dir='ltr'><strong>solus</strong></span> <span class='ocrx_word' id='word_1_245' title='bbox 464 4447 526 4545; x_wconf 92' lang='lat' dir='ltr'><strong>qui</strong></span> <span class='ocrx_word' id='word_1_246' title='bbox 549 4445 845 4521; x_wconf 78' lang='lat' dir='ltr'><strong>Introductionena</strong></span> <span class='ocrx_word' id='word_1_247' title='bbox 866 4441 1053 4543; x_wconf 89' lang='lat' dir='ltr'><strong>Porphyrii</strong></span> <span class='ocrx_word' id='word_1_248' title='bbox 1073 4441 1259 4520; x_wconf 86' lang='lat' dir='ltr'><strong>transtulit</strong></span> <span class='ocrx_word' id='word_1_249' title='bbox 1275 4446 1313 4520; x_wconf 83' lang='lat' dir='ltr'><strong>et</strong></span> 
     </span>
    </p>
   </div>
   <div class='ocr_carea' id='block_1_5' title="bbox 0 0 1624 5468">
    <p class='ocr_par' dir='ltr' id='par_1_6' title="bbox 0 0 1624 5468">
     <span class='ocr_line' id='line_1_32' title="bbox 0 0 1624 5468; baseline 0 0"><span class='ocrx_word' id='word_1_250' title='bbox 0 0 1624 5468; x_wconf 95' lang='lat' dir='ltr'><strong> </strong></span> 
     </span>
    </p>
   </div>
  </div>
 </body>
</html>
