<?xml version="1.0" encoding="UTF-8"?>
<!DOCTYPE html PUBLIC "-//W3C//DTD XHTML 1.0 Transitional//EN"
    "http://www.w3.org/TR/xhtml1/DTD/xhtml1-transitional.dtd">
<html xmlns="http://www.w3.org/1999/xhtml" xml:lang="en" lang="en">
 <head>
  <title>
</title>
<meta http-equiv="Content-Type" content="text/html;charset=utf-8" />
  <meta name='ocr-system' content='tesseract 3.04.00' />
  <meta name='ocr-capabilities' content='ocr_page ocr_carea ocr_par ocr_line ocrx_word'/>
</head>
<body>
  <div class='ocr_page' id='page_1' title='image "./deamseverinoboe00bourgoog_0079.png"; bbox 0 0 3240 5468; ppageno 0'>
   <div class='ocr_carea' id='block_1_1' title="bbox 775 440 950 509">
    <p class='ocr_par' dir='ltr' id='par_1_1' title="bbox 775 440 950 509">
     <span class='ocr_line' id='line_1_1' title="bbox 775 440 950 509; baseline 0.017 -20"><span class='ocrx_word' id='word_1_1' title='bbox 775 440 950 509; x_wconf 71' lang='grc'>-64-</span> 
     </span>
    </p>
   </div>
   <div class='ocr_carea' id='block_1_2' title="bbox 271 610 1448 3788">
    <p class='ocr_par' dir='ltr' id='par_1_2' title="bbox 278 610 1448 1530">
     <span class='ocr_line' id='line_1_2' title="bbox 282 610 1448 727; baseline 0 -23"><span class='ocrx_word' id='word_1_2' title='bbox 282 630 372 706; x_wconf 87' lang='lat' dir='ltr'>llalii</span> <span class='ocrx_word' id='word_1_3' title='bbox 407 628 518 705; x_wconf 78' lang='lat' dir='ltr'>Anicii</span> <span class='ocrx_word' id='word_1_4' title='bbox 551 626 721 727; x_wconf 80' lang='lat' dir='ltr'><strong>Torquati</strong></span> <span class='ocrx_word' id='word_1_5' title='bbox 752 627 909 704; x_wconf 87' lang='lat' dir='ltr'>Severini</span> <span class='ocrx_word' id='word_1_6' title='bbox 937 625 1061 722; x_wconf 88' lang='lat' dir='ltr'>Boetii,</span> <span class='ocrx_word' id='word_1_7' title='bbox 1088 650 1118 706; x_wconf 85' lang='lat' dir='ltr'>v.</span> <span class='ocrx_word' id='word_1_8' title='bbox 1140 650 1170 702; x_wconf 92' lang='lat' dir='ltr'>c.</span> <span class='ocrx_word' id='word_1_9' title='bbox 1194 650 1252 726; x_wconf 86' lang='lat' dir='ltr'>op.</span> <span class='ocrx_word' id='word_1_10' title='bbox 1272 610 1448 704; x_wconf 37' lang='lat' dir='ltr'>&#39;Consola-</span> 
     </span>
     <span class='ocr_line' id='line_1_3' title="bbox 282 759 1445 863; baseline -0.001 -24"><span class='ocrx_word' id='word_1_11' title='bbox 282 763 388 839; x_wconf 83' lang='lat' dir='ltr'>tionis</span> <span class='ocrx_word' id='word_1_12' title='bbox 407 761 651 863; x_wconf 81' lang='lat' dir='ltr'>philosophiae.</span> <span class='ocrx_word' id='word_1_13' title='bbox 671 805 725 818; x_wconf 94' lang='lat'><em>-</em></span> <span class='ocrx_word' id='word_1_14' title='bbox 738 760 804 838; x_wconf 89' lang='lat' dir='ltr'>Hic</span> <span class='ocrx_word' id='word_1_15' title='bbox 819 768 872 839; x_wconf 92' lang='lat' dir='ltr'>est</span> <span class='ocrx_word' id='word_1_16' title='bbox 885 759 1126 836; x_wconf 77' lang='lat' dir='ltr'>indubitanter</span> <span class='ocrx_word' id='word_1_17' title='bbox 1145 760 1290 836; x_wconf 88' lang='lat' dir='ltr'>Boetius</span> <span class='ocrx_word' id='word_1_18' title='bbox 1314 770 1445 859; x_wconf 90' lang='lat' dir='ltr'>noster,</span> 
     </span>
     <span class='ocr_line' id='line_1_4' title="bbox 280 893 1445 998; baseline -0.003 -24"><span class='ocrx_word' id='word_1_19' title='bbox 280 899 441 975; x_wconf 91' lang='lat' dir='ltr'>nondum</span> <span class='ocrx_word' id='word_1_20' title='bbox 456 897 616 998; x_wconf 91' lang='lat' dir='ltr'>quidem,</span> <span class='ocrx_word' id='word_1_21' title='bbox 631 897 667 972; x_wconf 92' lang='lat' dir='ltr'>iu</span> <span class='ocrx_word' id='word_1_22' title='bbox 683 895 845 972; x_wconf 87' lang='lat' dir='ltr'>custodia</span> <span class='ocrx_word' id='word_1_23' title='bbox 870 893 1018 995; x_wconf 89' lang='lat' dir='ltr'>positus,</span> <span class='ocrx_word' id='word_1_24' title='bbox 1039 917 1104 970; x_wconf 91' lang='lat' dir='ltr'>uec</span> <span class='ocrx_word' id='word_1_25' title='bbox 1119 893 1269 971; x_wconf 81' lang='lat' dir='ltr'>vinculis</span> <span class='ocrx_word' id='word_1_26' title='bbox 1284 903 1445 995; x_wconf 88' lang='lat' dir='ltr'>onustus,</span> 
     </span>
     <span class='ocr_line' id='line_1_5' title="bbox 279 1024 1447 1130; baseline -0.002 -24"><span class='ocrx_word' id='word_1_27' title='bbox 279 1031 341 1107; x_wconf 91' lang='lat' dir='ltr'>sed</span> <span class='ocrx_word' id='word_1_28' title='bbox 366 1033 442 1130; x_wconf 88' lang='lat' dir='ltr'>jam</span> <span class='ocrx_word' id='word_1_29' title='bbox 475 1065 490 1114; x_wconf 69' lang='grc' dir='ltr'>ιι,</span> <span class='ocrx_word' id='word_1_30' title='bbox 523 1030 561 1106; x_wconf 93' lang='lat' dir='ltr'>in</span> <span class='ocrx_word' id='word_1_31' title='bbox 585 1029 679 1107; x_wconf 84' lang='lat' dir='ltr'>exilii</span> <span class='ocrx_word' id='word_1_32' title='bbox 703 1024 915 1105; x_wconf 82' lang='lat' dir='ltr'>solitudiue¹</span> <span class='ocrx_word' id='word_1_33' title='bbox 945 1063 962 1094; x_wconf 71' lang='grc' dir='ltr'>ι»</span> <span class='ocrx_word' id='word_1_34' title='bbox 990 1060 1004 1092; x_wconf 72' lang='grc' dir='ltr'><strong>α</strong></span> <span class='ocrx_word' id='word_1_35' title='bbox 1029 1033 1173 1101; x_wconf 91' lang='lat' dir='ltr'>contum</span> <span class='ocrx_word' id='word_1_36' title='bbox 1194 1024 1447 1126; x_wconf 91' lang='lat' dir='ltr'>glaudiumqoe</span> 
     </span>
     <span class='ocr_line' id='line_1_6' title="bbox 278 1157 1446 1263; baseline -0.003 -24"><span class='ocrx_word' id='word_1_37' title='bbox 278 1165 418 1261; x_wconf 91' lang='lat' dir='ltr'>timeus,</span> <span class='ocrx_word' id='word_1_38' title='bbox 441 1189 456 1231; x_wconf 73' lang='lat' dir='ltr'>s</span> <span class='ocrx_word' id='word_1_39' title='bbox 478 1165 614 1263; x_wconf 85' lang='lat' dir='ltr'>majora</span> <span class='ocrx_word' id='word_1_40' title='bbox 630 1161 862 1263; x_wconf 73' lang='lat' dir='ltr'>praesentiens</span> <span class='ocrx_word' id='word_1_41' title='bbox 877 1160 988 1240; x_wconf 61' lang='lat' dir='ltr'>mala,</span> <span class='ocrx_word' id='word_1_42' title='bbox 1004 1162 1078 1237; x_wconf 88' lang='lat' dir='ltr'>Hac</span> <span class='ocrx_word' id='word_1_43' title='bbox 1095 1158 1249 1259; x_wconf 78' lang='lat' dir='ltr'>imagine</span> <span class='ocrx_word' id='word_1_44' title='bbox 1263 1157 1446 1236; x_wconf 84' lang='lat' dir='ltr'>volumina</span> 
     </span>
     <span class='ocr_line' id='line_1_7' title="bbox 278 1290 1447 1400; baseline -0.003 -27"><span class='ocrx_word' id='word_1_45' title='bbox 278 1297 457 1400; x_wconf 86' lang='lat' dir='ltr'>descripta</span> <span class='ocrx_word' id='word_1_46' title='bbox 472 1297 583 1375; x_wconf 86' lang='lat' dir='ltr'>Boetii</span> <span class='ocrx_word' id='word_1_47' title='bbox 598 1296 843 1373; x_wconf 87' lang='lat' dir='ltr'>defensionem</span> <span class='ocrx_word' id='word_1_48' title='bbox 861 1296 898 1373; x_wconf 91' lang='lat' dir='ltr'>in</span> <span class='ocrx_word' id='word_1_49' title='bbox 913 1292 1060 1395; x_wconf 85' lang='lat' dir='ltr'>judicio,</span> <span class='ocrx_word' id='word_1_50' title='bbox 1078 1292 1202 1369; x_wconf 85' lang='lat' dir='ltr'>libros</span> <span class='ocrx_word' id='word_1_51' title='bbox 1226 1291 1271 1369; x_wconf 93' lang='lat' dir='ltr'>de</span> <span class='ocrx_word' id='word_1_52' title='bbox 1294 1290 1447 1391; x_wconf 91' lang='lat' dir='ltr'>philoso-</span> 
     </span>
     <span class='ocr_line' id='line_1_8' title="bbox 278 1408 1446 1530; baseline -0.003 -25"><span class='ocrx_word' id='word_1_53' title='bbox 278 1430 362 1530; x_wconf 91' lang='lat' dir='ltr'>phia</span> <span class='ocrx_word' id='word_1_54' title='bbox 377 1437 485 1528; x_wconf 90' lang='lat' dir='ltr'>atque</span> <span class='ocrx_word' id='word_1_55' title='bbox 500 1428 671 1529; x_wconf 88' lang='lat' dir='ltr'>opuscula</span> <span class='ocrx_word' id='word_1_56' title='bbox 686 1408 883 1529; x_wconf 86' lang='lat' dir='ltr'>theologica</span> <span class='ocrx_word' id='word_1_57' title='bbox 898 1424 1149 1528; x_wconf 89' lang='lat' dir='ltr'>repraesentari</span> <span class='ocrx_word' id='word_1_58' title='bbox 1171 1448 1277 1502; x_wconf 92' lang='lat' dir='ltr'>nemo</span> <span class='ocrx_word' id='word_1_59' title='bbox 1296 1423 1446 1501; x_wconf 90' lang='lat' dir='ltr'>dubitat.</span> 
     </span>
    </p>

    <p class='ocr_par' dir='ltr' id='par_1_3' title="bbox 271 1553 1448 3788">
     <span class='ocr_line' id='line_1_9' title="bbox 334 1553 1448 1659; baseline 0.001 -24"><span class='ocrx_word' id='word_1_60' title='bbox 334 1565 433 1636; x_wconf 77' lang='lat' dir='ltr'>Anno</span> <span class='ocrx_word' id='word_1_61' title='bbox 449 1553 539 1658; x_wconf 67' lang='lat'>523,</span> <span class='ocrx_word' id='word_1_62' title='bbox 556 1559 747 1636; x_wconf 89' lang='lat' dir='ltr'>Hormisda</span> <span class='ocrx_word' id='word_1_63' title='bbox 765 1584 907 1635; x_wconf 91' lang='lat' dir='ltr'>summo</span> <span class='ocrx_word' id='word_1_64' title='bbox 928 1560 1098 1659; x_wconf 89' lang='lat' dir='ltr'>pontifice</span> <span class='ocrx_word' id='word_1_65' title='bbox 1116 1559 1295 1659; x_wconf 87' lang='lat' dir='ltr'>defuncto,</span> <span class='ocrx_word' id='word_1_66' title='bbox 1318 1559 1448 1637; x_wconf 87' lang='lat' dir='ltr'>Sedem</span> 
     </span>
     <span class='ocr_line' id='line_1_10' title="bbox 278 1689 1447 1792; baseline 0 -24"><span class='ocrx_word' id='word_1_67' title='bbox 278 1689 509 1792; x_wconf 92' lang='lat' dir='ltr'>apostolicam</span> <span class='ocrx_word' id='word_1_68' title='bbox 535 1689 690 1766; x_wconf 91' lang='lat' dir='ltr'>obtinuit</span> <span class='ocrx_word' id='word_1_69' title='bbox 714 1692 869 1768; x_wconf 82' lang='lat' dir='ltr'>ioannes</span> <span class='ocrx_word' id='word_1_70' title='bbox 894 1691 1078 1789; x_wconf 89' lang='lat' dir='ltr'>diaconus,</span> <span class='ocrx_word' id='word_1_71' title='bbox 1104 1692 1221 1770; x_wconf 90' lang='lat' dir='ltr'>dictus</span> <span class='ocrx_word' id='word_1_72' title='bbox 1240 1692 1399 1769; x_wconf 85' lang='lat' dir='ltr'>loannes</span> <span class='ocrx_word' id='word_1_73' title='bbox 1418 1693 1447 1790; x_wconf 90' lang='lat' dir='ltr'>l,</span> 
     </span>
     <span class='ocr_line' id='line_1_11' title="bbox 277 1813 1448 1903; baseline 0.004 -6"><span class='ocrx_word' id='word_1_74' title='bbox 277 1821 398 1899; x_wconf 90' lang='lat' dir='ltr'>Boetio</span> <span class='ocrx_word' id='word_1_75' title='bbox 425 1821 674 1899; x_wconf 90' lang='lat' dir='ltr'>amicissimus.</span> <span class='ocrx_word' id='word_1_76' title='bbox 695 1823 776 1898; x_wconf 88' lang='lat' dir='ltr'>Jam</span> <span class='ocrx_word' id='word_1_77' title='bbox 798 1823 882 1901; x_wconf 90' lang='lat' dir='ltr'>inde</span> <span class='ocrx_word' id='word_1_78' title='bbox 905 1825 951 1901; x_wconf 94' lang='lat' dir='ltr'>ab</span> <span class='ocrx_word' id='word_1_79' title='bbox 974 1813 1068 1902; x_wconf 82' lang='lat' dir='ltr'>anno</span> <span class='ocrx_word' id='word_1_80' title='bbox 1089 1819 1165 1902; x_wconf 85' lang='lat'>518</span> <span class='ocrx_word' id='word_1_81' title='bbox 1190 1825 1448 1903; x_wconf 84' lang='lat' dir='ltr'>Constantino-</span> 
     </span>
     <span class='ocr_line' id='line_1_12' title="bbox 277 1953 1446 2059; baseline 0.004 -29"><span class='ocrx_word' id='word_1_82' title='bbox 277 1953 347 2055; x_wconf 91' lang='lat' dir='ltr'>poli</span> <span class='ocrx_word' id='word_1_83' title='bbox 367 1979 423 2031; x_wconf 91' lang='lat' dir='ltr'>res</span> <span class='ocrx_word' id='word_1_84' title='bbox 442 1954 583 2055; x_wconf 90' lang='lat' dir='ltr'>imperii</span> <span class='ocrx_word' id='word_1_85' title='bbox 602 1954 876 2035; x_wconf 88' lang='lat' dir='ltr'>administrabat</span> <span class='ocrx_word' id='word_1_86' title='bbox 898 1958 1069 2034; x_wconf 80' lang='lat' dir='ltr'>lustinus.</span> <span class='ocrx_word' id='word_1_87' title='bbox 1097 1959 1283 2034; x_wconf 92' lang='lat' dir='ltr'>Summam</span> <span class='ocrx_word' id='word_1_88' title='bbox 1306 1957 1446 2059; x_wconf 88' lang='lat' dir='ltr'>imperii</span> 
     </span>
     <span class='ocr_line' id='line_1_13' title="bbox 277 2073 1446 2190; baseline 0.003 -28"><span class='ocrx_word' id='word_1_89' title='bbox 277 2085 463 2164; x_wconf 91' lang='lat' dir='ltr'>utilitatem</span> <span class='ocrx_word' id='word_1_90' title='bbox 480 2095 589 2183; x_wconf 90' lang='lat' dir='ltr'>ratus,</span> <span class='ocrx_word' id='word_1_91' title='bbox 604 2073 779 2164; x_wconf 89' lang='lat' dir='ltr'>unitatem</span> <span class='ocrx_word' id='word_1_92' title='bbox 793 2088 995 2189; x_wconf 80' lang='lat' dir='ltr'>religiosam</span> <span class='ocrx_word' id='word_1_93' title='bbox 1006 2098 1113 2190; x_wconf 91' lang='lat' dir='ltr'>atque</span> <span class='ocrx_word' id='word_1_94' title='bbox 1123 2090 1351 2167; x_wconf 87' lang='lat' dir='ltr'>concordiam</span> <span class='ocrx_word' id='word_1_95' title='bbox 1363 2114 1446 2166; x_wconf 90' lang='lat' dir='ltr'>oum</span> 
     </span>
     <span class='ocr_line' id='line_1_14' title="bbox 277 2219 1446 2326; baseline 0.003 -30"><span class='ocrx_word' id='word_1_96' title='bbox 277 2219 378 2296; x_wconf 88' lang='lat' dir='ltr'>Italia</span> <span class='ocrx_word' id='word_1_97' title='bbox 393 2220 591 2316; x_wconf 86' lang='lat' dir='ltr'>restituere,</span> <span class='ocrx_word' id='word_1_98' title='bbox 606 2220 763 2297; x_wconf 89' lang='lat' dir='ltr'>edictum</span> <span class='ocrx_word' id='word_1_99' title='bbox 784 2223 1024 2323; x_wconf 85' lang='lat' dir='ltr'>publicaverat</span> <span class='ocrx_word' id='word_1_100' title='bbox 1047 2225 1114 2302; x_wconf 91' lang='lat' dir='ltr'>iste</span> <span class='ocrx_word' id='word_1_101' title='bbox 1134 2224 1303 2326; x_wconf 92' lang='lat' dir='ltr'>princeps</span> <span class='ocrx_word' id='word_1_102' title='bbox 1321 2234 1446 2301; x_wconf 87' lang='lat' dir='ltr'>contra</span> 
     </span>
     <span class='ocr_line' id='line_1_15' title="bbox 276 2352 1446 2459; baseline 0.005 -31"><span class='ocrx_word' id='word_1_103' title='bbox 276 2353 489 2430; x_wconf 87' lang='lat' dir='ltr'>dissidentes</span> <span class='ocrx_word' id='word_1_104' title='bbox 513 2377 534 2430; x_wconf 92' lang='lat' dir='ltr'>a</span> <span class='ocrx_word' id='word_1_105' title='bbox 555 2352 625 2431; x_wconf 87' lang='lat' dir='ltr'>fide</span> <span class='ocrx_word' id='word_1_106' title='bbox 653 2353 839 2432; x_wconf 90' lang='lat' dir='ltr'>catholica.</span> <span class='ocrx_word' id='word_1_107' title='bbox 870 2358 945 2432; x_wconf 82' lang='lat' dir='ltr'>llon</span> <span class='ocrx_word' id='word_1_108' title='bbox 968 2358 1115 2458; x_wconf 88' lang='lat' dir='ltr'>quidem</span> <span class='ocrx_word' id='word_1_109' title='bbox 1136 2357 1322 2459; x_wconf 85' lang='lat' dir='ltr'>tyrannico</span> <span class='ocrx_word' id='word_1_110' title='bbox 1345 2380 1446 2435; x_wconf 90' lang='lat' dir='ltr'>more</span> 
     </span>
     <span class='ocr_line' id='line_1_16' title="bbox 275 2487 1446 2587; baseline 0.004 -24"><span class='ocrx_word' id='word_1_111' title='bbox 275 2487 500 2584; x_wconf 90' lang='lat' dir='ltr'>decernebat,</span> <span class='ocrx_word' id='word_1_112' title='bbox 530 2487 592 2565; x_wconf 88' lang='lat' dir='ltr'>scd</span> <span class='ocrx_word' id='word_1_113' title='bbox 618 2488 713 2587; x_wconf 89' lang='lat' dir='ltr'>leges</span> <span class='ocrx_word' id='word_1_114' title='bbox 742 2511 783 2564; x_wconf 87' lang='lat' dir='ltr'>ac</span> <span class='ocrx_word' id='word_1_115' title='bbox 813 2489 954 2566; x_wconf 88' lang='lat' dir='ltr'>decreta</span> <span class='ocrx_word' id='word_1_116' title='bbox 985 2491 1030 2566; x_wconf 91' lang='lat' dir='ltr'>ab</span> <span class='ocrx_word' id='word_1_117' title='bbox 1063 2491 1348 2567; x_wconf 87' lang='lat' dir='ltr'>antecessoribus</span> <span class='ocrx_word' id='word_1_118' title='bbox 1373 2488 1446 2568; x_wconf 89' lang='lat' dir='ltr'>lata</span> 
     </span>
     <span class='ocr_line' id='line_1_17' title="bbox 273 2620 1446 2701; baseline 0.003 -5"><span class='ocrx_word' id='word_1_119' title='bbox 273 2620 474 2697; x_wconf 91' lang='lat' dir='ltr'>instaurare</span> <span class='ocrx_word' id='word_1_120' title='bbox 511 2620 671 2696; x_wconf 91' lang='lat' dir='ltr'>curabat.</span> <span class='ocrx_word' id='word_1_121' title='bbox 705 2621 897 2698; x_wconf 78' lang='lat' dir='ltr'>Maximum</span> <span class='ocrx_word' id='word_1_122' title='bbox 931 2630 1051 2700; x_wconf 90' lang='lat' dir='ltr'>tamen</span> <span class='ocrx_word' id='word_1_123' title='bbox 1087 2624 1124 2700; x_wconf 93' lang='lat' dir='ltr'>iu</span> <span class='ocrx_word' id='word_1_124' title='bbox 1160 2647 1198 2700; x_wconf 91' lang='lat' dir='ltr'>se</span> <span class='ocrx_word' id='word_1_125' title='bbox 1236 2623 1446 2701; x_wconf 86' lang='lat' dir='ltr'>Theoderici</span> 
     </span>
     <span class='ocr_line' id='line_1_18' title="bbox 274 2754 1444 2857; baseline 0.001 -25"><span class='ocrx_word' id='word_1_126' title='bbox 274 2755 396 2832; x_wconf 92' lang='lat' dir='ltr'>odium</span> <span class='ocrx_word' id='word_1_127' title='bbox 422 2755 622 2852; x_wconf 87' lang='lat' dir='ltr'>concitavit,</span> <span class='ocrx_word' id='word_1_128' title='bbox 643 2769 726 2832; x_wconf 88' lang='lat' dir='ltr'>cum</span> <span class='ocrx_word' id='word_1_129' title='bbox 750 2779 769 2831; x_wconf 92' lang='lat' dir='ltr'>e</span> <span class='ocrx_word' id='word_1_130' title='bbox 796 2754 928 2830; x_wconf 88' lang='lat' dir='ltr'>linibus</span> <span class='ocrx_word' id='word_1_131' title='bbox 952 2756 1091 2857; x_wconf 90' lang='lat' dir='ltr'>imperii</span> <span class='ocrx_word' id='word_1_132' title='bbox 1110 2757 1295 2833; x_wconf 89' lang='lat' dir='ltr'>haereticos</span> <span class='ocrx_word' id='word_1_133' title='bbox 1318 2779 1444 2834; x_wconf 90' lang='lat' dir='ltr'>omues</span> 
     </span>
     <span class='ocr_line' id='line_1_19' title="bbox 273 2877 1445 2991; baseline -0.002 -24"><span class='ocrx_word' id='word_1_134' title='bbox 273 2889 500 2967; x_wconf 80' lang='lat' dir='ltr'>exterminari</span> <span class='ocrx_word' id='word_1_135' title='bbox 525 2889 654 2991; x_wconf 84' lang='lat' dir='ltr'>jussit,</span> <span class='ocrx_word' id='word_1_136' title='bbox 687 2898 793 2988; x_wconf 89' lang='lat' dir='ltr'>atque</span> <span class='ocrx_word' id='word_1_137' title='bbox 824 2887 1004 2988; x_wconf 92' lang='lat' dir='ltr'>prohibuit</span> <span class='ocrx_word' id='word_1_138' title='bbox 1033 2912 1077 2964; x_wconf 93' lang='lat' dir='ltr'>ne</span> <span class='ocrx_word' id='word_1_139' title='bbox 1110 2888 1278 2988; x_wconf 90' lang='lat' dir='ltr'>deinceps</span> <span class='ocrx_word' id='word_1_140' title='bbox 1307 2877 1445 2988; x_wconf 87' lang='lat' dir='ltr'>magis-</span> 
     </span>
     <span class='ocr_line' id='line_1_20' title="bbox 272 3020 1444 3123; baseline -0.001 -25"><span class='ocrx_word' id='word_1_141' title='bbox 272 3032 405 3101; x_wconf 91' lang='lat' dir='ltr'>tratum</span> <span class='ocrx_word' id='word_1_142' title='bbox 430 3033 602 3123; x_wconf 80' lang='lat' dir='ltr'>gererent,</span> <span class='ocrx_word' id='word_1_143' title='bbox 623 3047 712 3100; x_wconf 87' lang='lat' dir='ltr'>neve</span> <span class='ocrx_word' id='word_1_144' title='bbox 736 3021 950 3099; x_wconf 86' lang='lat' dir='ltr'>sententiam</span> <span class='ocrx_word' id='word_1_145' title='bbox 973 3020 1010 3097; x_wconf 91' lang='lat' dir='ltr'>in</span> <span class='ocrx_word' id='word_1_146' title='bbox 1030 3020 1240 3098; x_wconf 90' lang='lat' dir='ltr'>christianos</span> <span class='ocrx_word' id='word_1_147' title='bbox 1260 3029 1323 3098; x_wconf 90' lang='lat' dir='ltr'>aut</span> <span class='ocrx_word' id='word_1_148' title='bbox 1343 3022 1444 3121; x_wconf 92' lang='lat' dir='ltr'>epis-</span> 
     </span>
     <span class='ocr_line' id='line_1_21' title="bbox 272 3151 1442 3258; baseline 0 -25"><span class='ocrx_word' id='word_1_149' title='bbox 272 3181 380 3258; x_wconf 89' lang='lat' dir='ltr'>copos</span> <span class='ocrx_word' id='word_1_150' title='bbox 408 3156 568 3232; x_wconf 89' lang='lat' dir='ltr'>dicerent</span> <span class='ocrx_word' id='word_1_151' title='bbox 579 3154 602 3236; x_wconf 84' lang='lat'>¹.</span> <span class='ocrx_word' id='word_1_152' title='bbox 634 3156 676 3229; x_wconf 91' lang='lat' dir='ltr'>ln</span> <span class='ocrx_word' id='word_1_153' title='bbox 706 3155 848 3231; x_wconf 89' lang='lat' dir='ltr'>decreto</span> <span class='ocrx_word' id='word_1_154' title='bbox 872 3157 958 3233; x_wconf 87' lang='lat' dir='ltr'>anni</span> <span class='ocrx_word' id='word_1_155' title='bbox 983 3151 1059 3234; x_wconf 75' lang='lat' dir='ltr'>5d3</span> <span class='ocrx_word' id='word_1_156' title='bbox 1084 3157 1351 3258; x_wconf 80' lang='lat' dir='ltr'>excipiebantur</span> <span class='ocrx_word' id='word_1_157' title='bbox 1374 3157 1442 3234; x_wconf 91' lang='lat' dir='ltr'>hac</span> 
     </span>
     <span class='ocr_line' id='line_1_22' title="bbox 271 3273 1442 3392; baseline 0.003 -28"><span class='ocrx_word' id='word_1_158' title='bbox 271 3289 391 3389; x_wconf 91' lang='lat' dir='ltr'>legum</span> <span class='ocrx_word' id='word_1_159' title='bbox 420 3288 617 3384; x_wconf 89' lang='lat' dir='ltr'>severitate,</span> <span class='ocrx_word' id='word_1_160' title='bbox 645 3288 760 3384; x_wconf 85' lang='lat' dir='ltr'>Gothi,</span> <span class='ocrx_word' id='word_1_161' title='bbox 786 3299 962 3388; x_wconf 89' lang='lat' dir='ltr'>quotquot</span> <span class='ocrx_word' id='word_1_162' title='bbox 988 3273 1090 3367; x_wconf 85' lang='lat' dir='ltr'>erarrt</span> <span class='ocrx_word' id='word_1_163' title='bbox 1112 3292 1281 3392; x_wconf 70' lang='lat' dir='ltr'>foederati,</span> <span class='ocrx_word' id='word_1_164' title='bbox 1308 3290 1442 3391; x_wconf 89' lang='lat' dir='ltr'>quique</span> 
     </span>
     <span class='ocr_line' id='line_1_23' title="bbox 272 3420 1443 3524; baseline 0 -26"><span class='ocrx_word' id='word_1_165' title='bbox 272 3421 435 3498; x_wconf 90' lang='lat' dir='ltr'>militiam</span> <span class='ocrx_word' id='word_1_166' title='bbox 464 3421 519 3500; x_wconf 80' lang='lat' dir='ltr'>vel</span> <span class='ocrx_word' id='word_1_167' title='bbox 548 3420 672 3499; x_wconf 92' lang='lat' dir='ltr'>munia</span> <span class='ocrx_word' id='word_1_168' title='bbox 701 3421 839 3522; x_wconf 91' lang='lat' dir='ltr'>publica</span> <span class='ocrx_word' id='word_1_169' title='bbox 864 3447 1027 3501; x_wconf 85' lang='lat' dir='ltr'>exercere</span> <span class='ocrx_word' id='word_1_170' title='bbox 1051 3431 1228 3524; x_wconf 85' lang='lat' dir='ltr'>poterant.</span> <span class='ocrx_word' id='word_1_171' title='bbox 1253 3425 1356 3500; x_wconf 85' lang='lat' dir='ltr'>rlnno</span> <span class='ocrx_word' id='word_1_172' title='bbox 1375 3446 1443 3498; x_wconf 88' lang='lat' dir='ltr'>au-</span> 
     </span>
     <span class='ocr_line' id='line_1_24' title="bbox 272 3546 1441 3657; baseline 0.001 -27"><span class='ocrx_word' id='word_1_173' title='bbox 272 3564 343 3631; x_wconf 93' lang='lat' dir='ltr'>tem</span> <span class='ocrx_word' id='word_1_174' title='bbox 360 3546 449 3652; x_wconf 71' lang='lat' dir='ltr'>aad,</span> <span class='ocrx_word' id='word_1_175' title='bbox 464 3579 597 3633; x_wconf 88' lang='lat' dir='ltr'>novum</span> <span class='ocrx_word' id='word_1_176' title='bbox 617 3555 838 3656; x_wconf 88' lang='lat' dir='ltr'>publicatum</span> <span class='ocrx_word' id='word_1_177' title='bbox 853 3563 907 3633; x_wconf 92' lang='lat' dir='ltr'>est</span> <span class='ocrx_word' id='word_1_178' title='bbox 927 3556 1084 3633; x_wconf 89' lang='lat' dir='ltr'>edictum</span> <span class='ocrx_word' id='word_1_179' title='bbox 1102 3557 1138 3633; x_wconf 95' lang='lat' dir='ltr'>in</span> <span class='ocrx_word' id='word_1_180' title='bbox 1159 3581 1232 3657; x_wconf 94' lang='lat' dir='ltr'>quo</span> <span class='ocrx_word' id='word_1_181' title='bbox 1247 3559 1323 3656; x_wconf 87' lang='lat' dir='ltr'>jam</span> <span class='ocrx_word' id='word_1_182' title='bbox 1342 3553 1441 3632; x_wconf 90' lang='lat' dir='ltr'>nulla</span> 
     </span>
     <span class='ocr_line' id='line_1_25' title="bbox 271 3686 1442 3788; baseline 0 -27"><span class='ocrx_word' id='word_1_183' title='bbox 271 3688 465 3765; x_wconf 90' lang='lat' dir='ltr'>Gothorum</span> <span class='ocrx_word' id='word_1_184' title='bbox 489 3686 598 3765; x_wconf 88' lang='lat' dir='ltr'>fiebat</span> <span class='ocrx_word' id='word_1_185' title='bbox 618 3688 799 3788; x_wconf 77' lang='lat' dir='ltr'>excepti03</span> <span class='ocrx_word' id='word_1_186' title='bbox 821 3688 1075 3787; x_wconf 89' lang='lat' dir='ltr'>multomagis,</span> <span class='ocrx_word' id='word_1_187' title='bbox 1091 3686 1442 3764; x_wconf 88' lang='lat' dir='ltr'>haereticorumtem·</span> 
     </span>
    </p>
   </div>
   <div class='ocr_carea' id='block_1_3' title="bbox 267 4052 1439 4602">
    <p class='ocr_par' dir='ltr' id='par_1_4' title="bbox 269 4052 1439 4198">
     <span class='ocr_line' id='line_1_26' title="bbox 304 4052 1439 4123; baseline -0.004 -14"><span class='ocrx_word' id='word_1_188' title='bbox 304 4056 313 4091; x_wconf 84' lang='lat'>¹</span> <span class='ocrx_word' id='word_1_189' title='bbox 336 4055 451 4118; x_wconf 72' lang='lat' dir='ltr'>Gonnoi,</span> <span class='ocrx_word' id='word_1_190' title='bbox 464 4055 509 4106; x_wconf 88' lang='lat' dir='ltr'>lib.</span> <span class='ocrx_word' id='word_1_191' title='bbox 521 4056 542 4118; x_wconf 90' lang='lat'>1,</span> <span class='ocrx_word' id='word_1_192' title='bbox 555 4057 626 4123; x_wconf 56' lang='grc' dir='ltr'>ρπβ.</span> <span class='ocrx_word' id='word_1_193' title='bbox 639 4055 731 4108; x_wconf 84' lang='lat' dir='ltr'>Inhac</span> <span class='ocrx_word' id='word_1_194' title='bbox 740 4055 810 4108; x_wconf 84' lang='lat' dir='ltr'>exilii</span> <span class='ocrx_word' id='word_1_195' title='bbox 821 4055 904 4107; x_wconf 83' lang='lat' dir='ltr'>nostri</span> <span class='ocrx_word' id='word_1_196' title='bbox 915 4055 1055 4107; x_wconf 84' lang='lat' dir='ltr'>solitudine</span> <span class='ocrx_word' id='word_1_197' title='bbox 1066 4057 1171 4120; x_wconf 81' lang='lat' dir='ltr'>delapsa</span> <span class='ocrx_word' id='word_1_198' title='bbox 1179 4054 1288 4108; x_wconf 80' lang='lat' dir='ltr'>venisti!</span> <span class='ocrx_word' id='word_1_199' title='bbox 1303 4054 1341 4106; x_wconf 80' lang='lat' dir='ltr'>ct.</span> <span class='ocrx_word' id='word_1_200' title='bbox 1352 4053 1397 4106; x_wconf 86' lang='lat' dir='ltr'>lib.</span> <span class='ocrx_word' id='word_1_201' title='bbox 1407 4052 1439 4116; x_wconf 87' lang='lat'>11,</span> 
     </span>
     <span class='ocr_line' id='line_1_27' title="bbox 269 4134 414 4198; baseline 0.007 -14"><span class='ocrx_word' id='word_1_202' title='bbox 269 4148 309 4198; x_wconf 90' lang='lat' dir='ltr'>pr.</span> <span class='ocrx_word' id='word_1_203' title='bbox 321 4134 336 4184; x_wconf 82' lang='grc'>3</span> <span class='ocrx_word' id='word_1_204' title='bbox 348 4139 375 4185; x_wconf 89' lang='lat' dir='ltr'>et</span> <span class='ocrx_word' id='word_1_205' title='bbox 389 4135 414 4185; x_wconf 90' lang='grc'>5.</span> 
     </span>
    </p>

    <p class='ocr_par' dir='ltr' id='par_1_5' title="bbox 267 4213 1439 4602">
     <span class='ocr_line' id='line_1_28' title="bbox 301 4213 1439 4280; baseline -0.001 -14"><span class='ocrx_word' id='word_1_206' title='bbox 301 4217 314 4249; x_wconf 88' lang='lat'><strong>¹</strong></span> <span class='ocrx_word' id='word_1_207' title='bbox 332 4214 466 4266; x_wconf 78' lang='lat' dir='ltr'>Manichaei</span> <span class='ocrx_word' id='word_1_208' title='bbox 476 4215 590 4279; x_wconf 89' lang='lat' dir='ltr'>undique</span> <span class='ocrx_word' id='word_1_209' title='bbox 602 4218 777 4279; x_wconf 85' lang='lat' dir='ltr'>expelluntur,</span> <span class='ocrx_word' id='word_1_210' title='bbox 790 4221 817 4266; x_wconf 86' lang='lat' dir='ltr'>et</span> <span class='ocrx_word' id='word_1_211' title='bbox 829 4217 913 4279; x_wconf 86' lang='lat' dir='ltr'>capite</span> <span class='ocrx_word' id='word_1_212' title='bbox 924 4216 1076 4280; x_wconf 88' lang='lat' dir='ltr'>puniuntur.</span> <span class='ocrx_word' id='word_1_213' title='bbox 1096 4216 1201 4280; x_wconf 84' lang='lat' dir='ltr'>Reliqui</span> <span class='ocrx_word' id='word_1_214' title='bbox 1220 4213 1439 4266; x_wconf 68' lang='lat' dir='ltr'>autem&#39;hoeretici</span> 
     </span>
     <span class='ocr_line' id='line_1_29' title="bbox 268 4291 1439 4360; baseline -0.003 -15"><span class='ocrx_word' id='word_1_215' title='bbox 268 4295 415 4360; x_wconf 75' lang='lat' dir='ltr'>(haereticus</span> <span class='ocrx_word' id='word_1_216' title='bbox 427 4301 467 4346; x_wconf 88' lang='lat' dir='ltr'>est</span> <span class='ocrx_word' id='word_1_217' title='bbox 477 4298 562 4347; x_wconf 92' lang='lat' dir='ltr'>omnis</span> <span class='ocrx_word' id='word_1_218' title='bbox 573 4311 627 4345; x_wconf 92' lang='lat' dir='ltr'>non</span> <span class='ocrx_word' id='word_1_219' title='bbox 640 4293 804 4358; x_wconf 81' lang='lat' dir='ltr'>orthodoxus)</span> <span class='ocrx_word' id='word_1_220' title='bbox 817 4298 844 4343; x_wconf 88' lang='lat' dir='ltr'>et</span> <span class='ocrx_word' id='word_1_221' title='bbox 856 4293 936 4344; x_wconf 85' lang='lat' dir='ltr'>Graeci</span> <span class='ocrx_word' id='word_1_222' title='bbox 949 4298 1007 4358; x_wconf 90' lang='lat' dir='ltr'>(sen</span> <span class='ocrx_word' id='word_1_223' title='bbox 1018 4293 1125 4359; x_wconf 82' lang='lat' dir='ltr'>Pagani)</span> <span class='ocrx_word' id='word_1_224' title='bbox 1137 4298 1163 4343; x_wconf 87' lang='lat' dir='ltr'>et</span> <span class='ocrx_word' id='word_1_225' title='bbox 1173 4293 1256 4344; x_wconf 80' lang='lat' dir='ltr'>Judaei</span> <span class='ocrx_word' id='word_1_226' title='bbox 1266 4297 1293 4342; x_wconf 91' lang='lat' dir='ltr'>et</span> <span class='ocrx_word' id='word_1_227' title='bbox 1304 4291 1439 4342; x_wconf 72' lang='lat' dir='ltr'>Samaritae</span> 
     </span>
     <span class='ocr_line' id='line_1_30' title="bbox 268 4370 1438 4444; baseline -0.003 -20"><span class='ocrx_word' id='word_1_228' title='bbox 268 4375 438 4438; x_wconf 88' lang='lat' dir='ltr'>prohibentur</span> <span class='ocrx_word' id='word_1_229' title='bbox 450 4379 630 4444; x_wconf 86' lang='lat' dir='ltr'>magistratum</span> <span class='ocrx_word' id='word_1_230' title='bbox 642 4390 745 4443; x_wconf 86' lang='lat' dir='ltr'>gerere,</span> <span class='ocrx_word' id='word_1_231' title='bbox 757 4381 801 4426; x_wconf 87' lang='lat' dir='ltr'>aut</span> <span class='ocrx_word' id='word_1_232' title='bbox 812 4377 856 4439; x_wconf 90' lang='lat' dir='ltr'>jus</span> <span class='ocrx_word' id='word_1_233' title='bbox 869 4376 966 4439; x_wconf 89' lang='lat' dir='ltr'>dicere,</span> <span class='ocrx_word' id='word_1_234' title='bbox 978 4380 1023 4427; x_wconf 88' lang='lat' dir='ltr'>aut</span> <span class='ocrx_word' id='word_1_235' title='bbox 1037 4374 1202 4436; x_wconf 82' lang='lat' dir='ltr'>defensores,</span> <span class='ocrx_word' id='word_1_236' title='bbox 1214 4377 1260 4423; x_wconf 89' lang='lat' dir='ltr'>aut</span> <span class='ocrx_word' id='word_1_237' title='bbox 1272 4377 1358 4436; x_wconf 85' lang='lat' dir='ltr'>patres</span> <span class='ocrx_word' id='word_1_238' title='bbox 1372 4370 1438 4422; x_wconf 78' lang='lat' dir='ltr'>ciii-</span> 
     </span>
     <span class='ocr_line' id='line_1_31' title="bbox 268 4450 1439 4520; baseline 0.003 -18"><span class='ocrx_word' id='word_1_239' title='bbox 268 4456 351 4504; x_wconf 74' lang='lat' dir='ltr'>tatum</span> <span class='ocrx_word' id='word_1_240' title='bbox 365 4453 421 4505; x_wconf 88' lang='lat' dir='ltr'>fieri</span> <span class='ocrx_word' id='word_1_241' title='bbox 443 4470 477 4506; x_wconf 91' lang='lat' dir='ltr'>ne</span> <span class='ocrx_word' id='word_1_242' title='bbox 489 4455 604 4507; x_wconf 85' lang='lat' dir='ltr'>habeant</span> <span class='ocrx_word' id='word_1_243' title='bbox 615 4457 750 4506; x_wconf 85' lang='lat' dir='ltr'>licentiam</span> <span class='ocrx_word' id='word_1_244' title='bbox 763 4470 857 4506; x_wconf 84' lang='lat' dir='ltr'>vexare</span> <span class='ocrx_word' id='word_1_245' title='bbox 868 4461 913 4507; x_wconf 88' lang='lat' dir='ltr'>aut</span> <span class='ocrx_word' id='word_1_246' title='bbox 922 4456 1041 4520; x_wconf 83' lang='lat' dir='ltr'>judicare</span> <span class='ocrx_word' id='word_1_247' title='bbox 1052 4450 1206 4506; x_wconf 85' lang='lat' dir='ltr'>christianos</span> <span class='ocrx_word' id='word_1_248' title='bbox 1216 4458 1262 4504; x_wconf 83' lang='lat' dir='ltr'>aut</span> <span class='ocrx_word' id='word_1_249' title='bbox 1273 4452 1439 4518; x_wconf 70' lang='lat' dir='ltr'>episcopos...</span> 
     </span>
     <span class='ocr_line' id='line_1_32' title="bbox 267 4533 1328 4602; baseline 0.002 -19"><span class='ocrx_word' id='word_1_250' title='bbox 267 4533 431 4597; x_wconf 79' lang='lat' dir='ltr'>excipiuntur</span> <span class='ocrx_word' id='word_1_251' title='bbox 441 4535 517 4588; x_wconf 87' lang='lat' dir='ltr'>Gothi</span> <span class='ocrx_word' id='word_1_252' title='bbox 529 4537 574 4600; x_wconf 81' lang='lat' dir='ltr'>qui</span> <span class='ocrx_word' id='word_1_253' title='bbox 586 4535 653 4588; x_wconf 85' lang='lat' dir='ltr'>liunt</span> <span class='ocrx_word' id='word_1_254' title='bbox 664 4535 791 4588; x_wconf 72' lang='lat' dir='ltr'>foederati.</span> <span class='ocrx_word' id='word_1_255' title='bbox 806 4534 877 4600; x_wconf 79' lang='lat' dir='ltr'>(dod.</span> <span class='ocrx_word' id='word_1_256' title='bbox 892 4536 1015 4602; x_wconf 68' lang='lat' dir='ltr'>ductim,</span> <span class='ocrx_word' id='word_1_257' title='bbox 1027 4536 1072 4590; x_wconf 89' lang='lat' dir='ltr'>lib.</span> <span class='ocrx_word' id='word_1_258' title='bbox 1085 4536 1107 4600; x_wconf 86' lang='grc' dir='ltr'>Ι,</span> <span class='ocrx_word' id='word_1_259' title='bbox 1117 4535 1158 4590; x_wconf 89' lang='lat' dir='ltr'>tit.</span> <span class='ocrx_word' id='word_1_260' title='bbox 1170 4535 1201 4598; x_wconf 82' lang='lat' dir='ltr'>V,</span> <span class='ocrx_word' id='word_1_261' title='bbox 1213 4534 1264 4587; x_wconf 84' lang='lat' dir='ltr'>lex.</span> <span class='ocrx_word' id='word_1_262' title='bbox 1278 4533 1328 4598; x_wconf 78' lang='lat'><strong>12.)</strong></span> 
     </span>
    </p>
   </div>
   <div class='ocr_carea' id='block_1_4' title="bbox 0 0 1624 5468">
    <p class='ocr_par' dir='ltr' id='par_1_6' title="bbox 0 0 1624 5468">
     <span class='ocr_line' id='line_1_33' title="bbox 0 0 1624 5468; baseline 0 5"><span class='ocrx_word' id='word_1_263' title='bbox 0 0 1624 5468; x_wconf 95' lang='lat' dir='ltr'> </span> 
     </span>
    </p>
   </div>
  </div>
 </body>
</html>
