3240 5468
723 425 922 494 ...192-

236 619 453 723 quibusdam
474 617 586 696 doctis
614 624 648 695 et
672 614 855 694 catholicis
880 610 976 714 riris,
996 610 1043 687 ad
1061 633 1217 711 quorum
1231 611 1418 713 judicium

235 777 314 830 sese
329 751 527 828 humillime
542 748 716 850 sabJecit:
737 750 872 825 «Nunc
891 746 951 844 ait,
971 745 1081 824 vestri
1100 770 1266 823 normam
1281 747 1414 847 judicii

240 920 257 952 a
289 893 450 987 expectat
465 883 642 961 subtilitas
658 880 864 982 quaestionis
885 909 893 954 ε
913 908 993 983 quae
1011 891 1136 958 utrum
1149 890 1244 960 recte
1258 883 1418 961 decursa

241 1052 257 1086 s
289 1016 346 1115 sit,
377 1041 422 1095 an
451 1017 598 1094 minime
632 1024 760 1095 vestrae
789 1023 919 1095 statuet
955 1015 1257 1120 prornrutiationis
1291 1024 1420 1095 auoto-

241 1188 257 1222 ι
290 1152 377 1231 ritas
393 1150 416 1228 ¹.
441 1187 456 1220 »
486 1182 505 1218 «ι
526 1155 603 1240 Qua
622 1153 660 1227 in
679 1177 718 1228 re
737 1151 767 1228 si
788 1151 874 1252 qaid
898 1175 1086 1253 perperam
1105 1149 1323 1250 dictumest,
1340 1173 1421 1227 non

242 1322 258 1355 s
289 1286 336 1364 ita
354 1311 436 1362 sum
456 1293 596 1362 amator
615 1285 697 1382 mei,
719 1293 758 1361 ut
778 1311 819 1363 ea
841 1311 921 1386 quae
939 1286 1049 1363 semel
1068 1284 1255 1363 effuderim
1275 1283 1420 1361 meliori

243 1456 258 1487 »
291 1419 475 1497 sententiae
495 1419 673 1509 anteferre
688 1420 902 1497 contendam
916 1417 941 1500 ².
966 1451 981 1484 a
1007 1452 1022 1486 a
1045 1422 1123 1497 Non
1143 1418 1252 1519 igitur
1269 1417 1417 1519 ambigo

243 1589 259 1622 a
291 1553 377 1655 quin
406 1577 471 1655 pro
495 1562 555 1629 tua
580 1554 617 1629 in
646 1579 702 1631 me
729 1553 979 1632 benevolentia
1007 1575 1230 1656 supervacua
1256 1573 1413 1648 reseces,

242 1724 258 1768 a
290 1687 427 1765 hiantia
456 1687 642 1789 suppleas,
670 1697 787 1764 errata
813 1688 1072 1789 reprehendas,
1102 1685 1290 1763 commode
1317 1683 1416 1760 dicta

243 1856 259 1889 a
291 1820 382 1899 mira
397 1821 509 1898 animi
524 1819 708 1898 alacritate
729 1821 902 1922 suscipias
918 1819 932 1862 ³
958 1857 975 1892 a
1006 1857 1021 1891 a
1048 1823 1131 1898 llaec
1151 1819 1298 1897 sirecte
1316 1828 1353 1897 et
1372 1842 1415 1896 ex

245 1993 258 2023 a
289 1956 362 2032 fide
381 1980 419 2032 se
437 1956 579 2053 habent,
597 1962 637 2030 ut
653 1979 710 2031 me
724 1955 882 2032 instruas
898 1964 991 2057 peto,
1014 1963 1076 2034 aut
1092 1955 1122 2031 si
1137 1953 1255 2055 aliqua
1266 1979 1308 2032 re
1321 1953 1415 2032 forte

247 2125 260 2156 a
294 2087 457 2167 diversus
478 2113 528 2185 es,
554 2088 759 2188 diligentius
778 2088 919 2167 intuere
934 2114 1014 2190 quae
1028 2089 1123 2167 dieta
1139 2097 1234 2186 sunt,
1254 2099 1290 2166 et
1304 2089 1416 2166 fidem

245 2260 260 2290 a
294 2223 324 2298 si
353 2222 486 2322 poteris
512 2223 761 2323 rationemque
789 2227 965 2325 conjunge
983 2220 1053 2306 ⁴.,»
1086 2226 1203 2312 Quam
1227 2223 1305 2301 hac
1334 2230 1419 2324 apte

239 2357 441 2434 cobaereant
461 2382 543 2434 cum
563 2358 606 2433 iis
627 2382 708 2457 quae
729 2359 895 2460 superius
919 2358 1014 2436 dicta
1034 2367 1116 2435 sunt
1134 2358 1179 2434 de
1198 2357 1313 2435 Boetii
1331 2357 1419 2434 ami·

239 2489 392 2566 cissimis
411 2491 509 2589 viris,
531 2492 747 2590 Symmacho
767 2516 890 2568 socero
910 2503 944 2568 et
964 2495 1101 2570 Ioanne
1124 2492 1288 2592 diacono,
1309 2513 1419 2567 nemo

242 2646 313 2698 non
330 2622 434 2699 videt.

294 2756 381 2830 Cum
397 2755 653 2856 opusculorum
668 2756 837 2833 clausulis
853 2757 1070 2834 concordant
1084 2758 1272 2834 Prooemia.
1295 2758 1336 2832 In
1359 2755 1418 2832 his

240 2888 379 2991 impetit
411 2889 556 2966 Bnetius
589 2917 607 2952 u
640 2889 864 2966 indoctorum
902 2891 1093 2966 hominurn
1122 2890 1322 2985 audaciam,
1353 2889 1420 2989 qui

246 3057 261 3088 a
294 3022 489 3098 inscientiae
527 3022 653 3098 vitium
691 3023 980 3123 praesumptionis
1016 3034 1124 3122 atque
1161 3022 1420 3124 imprudentiae

247 3192 261 3221 »
294 3157 388 3230 nube
406 3164 580 3230 conantur
596 3154 772 3232 obducere
785 3155 820 3254 ³3
839 3195 854 3228 s
874 3165 950 3231 tum
966 3157 1103 3232 etiam«
1123 3156 1287 3256 ignaram
1302 3155 1423 3255 segni·

248 3325 263 3357 a
297 3290 392 3384 tlem,
409 3287 576 3363 callidum
595 3288 742 3366 livorem
758 3313 985 3389 quocumque
1000 3285 1282 3385 occurrentem⁶3
1303 3325 1319 3356 »
1338 3298 1424 3366 tum

245 3456 260 3487 α
294 3422 447 3523 obliquis
470 3423 649 3499 morsibus
672 3447 753 3523 quae
776 3425 890 3501 ardua
915 3434 1054 3500 suntet
1076 3447 1204 3524 magno
1226 3423 1351 3500 labore
1378 3447 1425 3503 ac

247 3591 263 3622 ι»
294 3554 489 3654 legentium
506 3556 656 3631 utilitate
676 3556 812 3654 digesta
832 3558 1071 3633 obtrectantes
1086 3554 1110 3656 Ἰ,
1136 3597 1150 3629 s
1170 3566 1248 3632 tum
1270 3596 1285 3628 a
1314 3556 1426 3635 obla·

245 3719 263 3762 a
295 3689 422 3765 trantis
436 3714 580 3766 morsus
599 3687 787 3788 invidiae⁸;
809 3699 885 3768 tum
906 3715 968 3769 eos
991 3731 1006 3763 a
1034 3714 1190 3791 quorum
1209 3690 1356 3768 lascirIa
1378 3714 1424 3769 ac

277 3951 286 3984 ¹
308 3949 349 3999 De
361 3950 469 4006 Trinit..
483 3951 586 4014 Peiper,
599 3951 655 4003 163.

274 4032 287 4065 ¹
309 4029 411 4084 Celetro
420 4030 574 4095 Eutychen,
588 4032 689 4095 Peiper,
702 4033 759 4082 217.

276 4113 288 4146 ⁸
307 4111 348 4161 De
359 4110 538 4162 Aritltmeticu
550 4111 677 4175 Praefct,
689 4112 783 4176 Iligne,
796 4117 859 4163 tom.
875 4114 962 4169 LXIII.
979 4115 1028 4166 col.
1043 4115 1114 4166 1080.

274 4195 287 4225 ⁴
312 4189 410 4239 Utrum
421 4190 515 4253 Pater,
527 4189 630 4252 Peiper,
644 4189 701 4242 rat.

276 4272 289 4304 ⁸
311 4270 385 4324 Com.
398 4269 527 4334 Eulysia,
541 4269 626 4333 Peip.,
640 4268 696 4320 tat.

275 4351 287 4383 ⁶
308 4349 349 4399 De
362 4349 633 4413 Trinit.,Peip.,150.

278 4431 288 4460 ⁷
310 4429 350 4478 De
361 4429 507 4490 Diuisione,
520 4429 617 4494 bigne,
629 4435 690 4479 torn.
708 4429 792 4492 LXIV,
811 4431 860 4480 col.
872 4431 928 4482 att.

277 4509 288 4540 ⁸
311 4507 343 4556 ln
359 4508 454 4570 Topica
470 4509 535 4571 cte„
549 4510 592 4565 lib.
606 4511 648 4573 IV,
660 4510 755 4574 bligne,
769 4517 831 4561 tom.
845 4512 930 4575 cxlv,
942 4512 991 4564 col.
1003 4514 1073 4565 llll‘l.
