3240 5468
754 460 952 534 -104-

268 659 381 733 Deum
401 656 493 730 inter
508 662 540 729 et
557 677 612 729 res
628 660 776 728 creatas.
796 652 909 727 Testis
924 650 1094 727 audiatur
1110 651 1263 726 Thomas
1280 676 1288 722 ε
1309 685 1324 719 a
1347 653 1440 725 Cum

267 800 387 868 autem
403 788 452 864 ita
469 785 621 887 sitquod
638 786 674 861 in
691 784 848 885 qualibet
864 791 1035 861 recreata
1051 784 1206 861 essentia
1222 807 1285 859 sua
1297 783 1443 860 differat

267 949 288 1000 a
312 946 377 998 suo
402 945 492 1020 esse,
518 944 574 996 res
597 919 657 994 iila
677 918 821 1020 proprie
835 917 1089 1008 denominatur
1110 915 1345 1016 aquidditate
1360 939 1440 1011 sua,

266 1067 301 1135 et
322 1078 395 1132 non
420 1054 465 1130 ab
485 1060 566 1130 actu
588 1052 742 1148 essendi,
761 1051 852 1128 sicut
867 1053 975 1126 homo
991 1051 1035 1127 ab
1050 1049 1286 1126 humanitate.
1302 1050 1344 1123 In
1367 1049 1443 1123 Deo

266 1198 386 1265 autem
405 1187 512 1263 irsuu
531 1202 617 1261 assu
637 1201 734 1262 suun
752 1201 820 1260 nsr
840 1201 906 1260 sur
926 1199 1137 1279 ouroonrs,
1159 1190 1194 1258 et
1209 1181 1287 1257 ideo
1307 1206 1444 1257 nomen

266 1322 361 1421 quod
385 1320 539 1396 sumitur
552 1319 597 1394 ab
617 1342 693 1395 esse
712 1318 854 1419 proprie
874 1320 1036 1394 nominat
1055 1317 1189 1417 ipsum,
1211 1325 1245 1391 et
1273 1325 1326 1391 est
1355 1338 1446 1414 pro-

266 1455 384 1554 prium
409 1476 541 1528 nomen
563 1453 653 1550 ejus,
676 1453 767 1528 sicut
791 1449 977 1551 proprium
998 1473 1127 1524 nomen
1152 1447 1321 1542 hominis,
1343 1447 1445 1547 quod

265 1585 418 1662 sumitur
433 1607 453 1662 a
468 1583 667 1684 quidditate
680 1584 704 1664 ¹.
729 1614 742 1647 r

322 1843 376 1911 ΙΙΙ.
403 1843 500 1924 Quen
515 1857 578 1911 usr
593 1857 823 1911 rrarrcrrrnu
839 1857 967 1920 ausono
984 1856 1131 1923 rorusr3
1154 1857 1217 1910 suu
1232 1856 1337 1910 rrsun
1355 1855 1444 1910 ussa

265 1974 381 2028 nunno
396 1974 492 2028 nono
509 1973 639 2037 rurouo
654 1974 872 2028 monemur.

324 2107 340 2139 «ι
370 2077 425 2151 Fit
444 2076 539 2153 enim
560 2075 784 2176 participatio
800 2100 880 2152 curn
902 2076 1037 2176 aliquid
1057 2080 1131 2178 jam
1152 2087 1223 2172 est3
1247 2087 1299 2154 est
1320 2085 1443 2153 autem

268 2208 413 2307 aliquid,
431 2233 513 2285 cunr
530 2232 608 2285 esse
623 2208 829 2310 susceperit.
850 2242 865 2274 »
885 2209 968 2285 Haec
983 2211 1137 2285 Boetius.

319 2342 548 2443 Participare,
577 2342 628 2417 ait
654 2345 695 2416 D.
723 2343 889 2436 Thomas,
920 2350 973 2418 est
1001 2343 1105 2441 quasi
1130 2352 1268 2443 partem
1298 2368 1441 2444 capere.

269 2479 353 2553 Tres
383 2483 503 2552 autem
525 2476 656 2550 dantur
683 2476 781 2551 modi
812 2475 1094 2577 participationis
1121 2505 1128 2549 ε
1159 2474 1194 2550 1“
1213 2477 1305 2552 sicut
1332 2479 1445 2575 parti·

268 2607 387 2685 culare
405 2608 596 2709 participat
616 2608 827 2705 universale,
849 2610 898 2684 ita
925 2612 1088 2686 Socrates
1112 2611 1301 2713 participat
1321 2612 1445 2686 homi-

270 2764 377 2830 nem3
407 2735 553 2816 usiam
579 2742 782 2839 subjectum
809 2741 997 2842 participat
1030 2743 1192 2818 accidens
1225 2750 1260 2819 et
1291 2745 1445 2821 materia

269 2873 444 2967 sormam3
462 2869 501 2950 3ο
517 2873 609 2949 sicut
623 2873 770 2950 effectus
787 2874 977 2973 participat
992 2898 1095 2950 suam
1112 2899 1278 2971 causaur3
1296 2885 1394 2976 puta,
1413 2879 1443 2954 si

267 3006 429 3082 dicamus
444 3005 541 3106 quod
557 3029 618 3082 aer
628 3005 814 3105 participat
830 3006 946 3083 lucem
958 3007 1054 3084 solis.
1067 3009 1306 3085 Praetermisso
1317 3020 1442 3086 autern

269 3139 336 3213 hoc
348 3138 451 3213 tertio
462 3138 568 3213 modo
582 3138 829 3239 participandi,
839 3138 1119 3240 impossibileest
1130 3142 1225 3240 quod
1240 3143 1443 3220 secundum

270 3269 362 3344 duos
378 3269 514 3368 primos
529 3268 655 3344 modos
671 3270 783 3368 ipsura
800 3296 869 3345 erre
883 3272 1069 3372 participet
1082 3272 1226 3372 aliquid.
1244 3275 1321 3348 Non
1341 3275 1442 3351 enim

272 3409 387 3501 potest
408 3400 622 3501 participare
644 3401 776 3502 aliquid
792 3427 855 3501 per
872 3405 1018 3479 modum
1034 3428 1106 3502 quo
1121 3405 1267 3482 materia
1283 3405 1337 3482 vei
1353 3408 1443 3483 sub-

267 3536 402 3634 jectum
419 3534 610 3635 participat
625 3535 778 3611 formam
789 3536 843 3612 vel
859 3537 1040 3615 accidens:
1058 3537 1154 3637 quia,
1166 3546 1204 3614 ut
1222 3539 1440 3639 dictumest,

270 3669 382 3768 ipsura
398 3693 468 3744 croc
483 3667 704 3769 significatur
723 3679 761 3744 ut
781 3668 868 3766 quid
888 3669 1118 3746 abstractum.
1139 3670 1306 3758 Similiter
1320 3681 1442 3749 autem

272 3826 337 3877 nec
355 3810 471 3901 potest
489 3800 624 3901 aliquid
644 3801 858 3903 participare
879 3825 940 3901 per
960 3802 1108 3878 modum
1133 3827 1203 3903 quo
1227 3804 1442 3904 particulare

271 3931 459 4032 participat
486 3931 738 4009 universale...
767 3957 848 4010 narn
877 3935 990 4033 ipsum
1016 3960 1085 4009 osce
1115 3945 1168 4011 est
1194 3936 1443 4012 communissi-

270 4088 391 4158 mum3
412 4065 507 4141 unde
525 4063 644 4165 ipsum
660 4066 804 4164 quidem
824 4067 1056 4168 participatur
1069 4067 1107 4143 in
1123 4067 1214 4165 aliis,
1231 4092 1304 4144 non
1319 4079 1440 4146 autem

270 4198 458 4299 participat
492 4197 627 4297 aliquid
660 4198 767 4275 atiud.
797 4201 896 4276 Unde
921 4201 1137 4301 relinquitur
1164 4202 1258 4301 quod
1287 4205 1322 4276 id
1350 4206 1441 4303 quod

269 4421 411 4435 *-

303 4554 312 4589 ¹
335 4554 371 4604 Iu
382 4553 438 4607 Lr'b.
451 4555 475 4621 1,
489 4555 650 4622 Sent.‚1)ist.
666 4557 732 4621 VIII,
748 4573 790 4624 qu.
806 4571 824 4623 1,
838 4573 861 4610 a.
875 4559 897 4610 t.
