3240 5468
599 410 864 511 „ira-

233 607 348 683 Deum
365 632 454 705 esse,
472 608 632 683 omnium
655 635 775 684 rerum
794 609 1037 708 conditorem,
1060 623 1254 711 aeternnm,
1277 606 1348 688 im-

180 748 317 819 motum
333 753 368 817 et
384 752 512 817 cuncta
533 751 746 835 moventem,
768 751 894 842 sponte
916 754 950 819 et
971 747 1113 821 conscia
1132 745 1348 823 voluntatee

179 872 289 948 nihilo
314 873 435 949 omnia
462 873 686 948 condientem
714 883 747 947 et
771 873 816 947 ad
841 884 978 952 certum
1002 878 1111 953 linem
1137 879 1258 953 omnia
1283 903 1348 953 sua

177 1004 434 1105 gubernatione
453 1005 664 1105 dirigentem
686 1004 740 1078 his
763 1006 923 1083 versibus
945 1009 1130 1108 magnifice
1152 1008 1349 1109 proclamat

177 1135 321 1212 Boetius
338 1169 345 1213 :

781 1259 825 1319 Tu
839 1269 943 1322 cuncta
958 1279 1085 1341 superno

318 1362 407 1424 Ducis
421 1363 457 1424 ab
472 1363 625 1442 exemplo¹
646 1384 653 1424 ε
671 1364 825 1442 pulchrum
841 1366 1058 1446 pulcherrimus
1072 1368 1136 1448 ipse

322 1469 462 1530 Mundum
478 1478 576 1531 mente
591 1488 708 1548 gerens,
725 1471 874 1550 similique
888 1472 918 1531 in
932 1473 1060 1552 imagine
1075 1474 1206 1535 formans

318 1575 524 1656 Perfectasque
535 1576 644 1656 jubens
660 1577 823 1656 perlectum
838 1576 988 1640 absolvere
1005 1581 1135 1659 partes'.

233 1766 296 1840 His
316 1766 478 1842 versibus
497 1767 699 1841 continetur
719 1766 880 1840 doctrina
903 1763 1014 1840 Boetii
1035 1762 1079 1860 de
1097 1786 1204 1838 eausa
1229 1789 1350 1839 exem·-

181 1899 269 1999 plari
294 1909 328 1974 et
350 1899 395 1974 de
419 1901 548 1972 mundo
577 1897 797 1995 iutellipilili,
821 1899 920 1995 juxta
947 1897 1156 1997 platonicos.
1188 1899 1349 1972 Essentia

215 2190 223 2221 ¹
247 2187 319 2236 Hanc
331 2187 363 2236 de
384 2186 574 2250 exemplaribus
586 2185 679 2234 diuinis
692 2185 836 2234 doctrinam
848 2224 853 2239 ,
873 2199 931 2248 quae
944 2185 1020 2248 vulgo
1034 2186 1172 2247 platonica
1187 2185 1290 2246 dicitur,
1303 2200 1351 2234 nos

180 2279 241 2314 cum
254 2266 330 2314 docto
342 2264 556 2328 Staudenmayer,
580 2267 607 2314 in
629 2279 675 2314 suo
688 2264 756 2313 libro
778 2265 822 2314 die
843 2264 928 2314 Labre
940 2265 988 2313 der
1001 2263 1073 2325 Idae,
1099 2265 1279 2314 contendimus
1293 2279 1350 2315 esse

180 2361 240 2396 vere
253 2352 280 2396 et
291 2347 394 2410 proprie
403 2346 545 2409 judaicam.
563 2347 631 2396 Fluit
644 2346 715 2394 enim
728 2360 742 2394 e
753 2345 869 2394 doctrina
882 2343 996 2394 mosaica
1008 2345 1148 2393 creationis
1167 2359 1255 2393 rerum
1269 2359 1284 2392 a
1297 2345 1351 2393 Deo

179 2440 293 2488 summo,
317 2424 476 2489 intelligenti
489 2430 515 2474 et
534 2424 653 2487 sapienti.
675 2424 702 2473 Si
723 2426 837 2474 mundus
860 2440 875 2473 a
901 2438 963 2474 casu
983 2438 1036 2472 non
1057 2423 1141 2472 lactus
1162 2427 1210 2482 est,
1224 2423 1278 2472 Deo
1297 2423 1352 2472 lere

179 2506 342 2555 intellectum
356 2511 459 2568 agente,
474 2511 503 2554 ut
525 2505 560 2553 ait
584 2505 612 2552 D.
626 2505 746 2566 Thomas,
770 2519 879 2554 necesse
901 2510 940 2553 est
961 2505 1030 2568 quod
1051 2503 1077 2552 in
1099 2510 1188 2553 mente
1210 2503 1297 2553 divina
1318 2503 1351 2552 sit

179 2587 263 2634 torma
278 2585 310 2633 ad
323 2583 521 2634 similitudinem
531 2583 606 2645 cujus
616 2584 729 2632 mundus
741 2589 781 2633 est
793 2584 884 2634 lactus.
901 2585 965 2633 Inde
984 2585 1102 2648 sequitur
1121 2585 1204 2633 Deum
1223 2597 1280 2632 esse
1296 2583 1353 2644 pri·

179 2678 251 2714 marn
264 2678 368 2713 eausam
380 2664 557 2725 exemplarem
570 2676 659 2711 rerum
671 2663 797 2712 omniurn.
812 2665 908 2713 Eadem
929 2664 983 2713 lere
1005 2664 1094 2714 habuit
1106 2665 1136 2713 D.
1152 2664 1314 2729 Augustinus
1324 2664 1353 2713 in

180 2743 224 2791 lib.
241 2741 381 2791 LXXXIII
399 2747 483 2804 qtteal.
508 2756 551 2804 qu.
574 2754 644 2804 xum,
669 2753 700 2792 n⁰
718 2745 742 2793 2.
770 2745 863 2794 «Sunt
882 2758 995 2806 namque
1016 2744 1081 2793 ideae
1095 2744 1251 2807 principales
1263 2744 1353 2793 formae

180 2822 300 2885 quaedam
312 2821 353 2871 vel
366 2821 479 2870 rationes
491 2834 590 2877 rerum,
603 2822 709 2872 stabiles
722 2829 799 2887 atque
812 2823 1056 2884 incommutabiles,
1078 2837 1135 2885 quae
1156 2823 1219 2886 ipsae
1236 2824 1353 2872 tormatae

180 2919 233 2953 non
245 2909 321 2963 sunt,
343 2918 374 2953 ae
394 2917 441 2967 per
462 2903 511 2950 hoe
532 2908 636 2951 aeternae
656 2917 687 2951 ao
707 2917 812 2966 semper
824 2904 916 2952 eodem
928 2903 1006 2952 ruodo
1019 2915 1076 2951 sese
1090 2901 1234 2963 babentes,
1254 2916 1312 2965 quae
1326 2903 1352 2950 in

180 2982 266 3032 divina
280 2981 454 3044 iutelligentia
468 2981 650 3042 continentur;
674 2985 700 3029 et
721 2996 781 3030 cum
803 2982 864 3045 ipsae
884 2996 970 3045 neque
985 2982 1100 3030 oriantur
1112 2995 1198 3044 neque
1212 2982 1352 3041 intereant,

179 3062 325 3112 secundnm
344 3075 388 3110 eas
401 3066 490 3110 tamen
503 3059 609 3108 formari
621 3059 716 3108 dicitur
728 3075 807 3110 omne
821 3063 890 3126 quod
903 3061 965 3110 oriri
977 3068 1004 3111 et
1017 3060 1124 3110 interire
1141 3065 1233 3124 potest.
1250 3080 1259 3107 a
1283 3062 1352 3112 Doc-

180 3141 276 3192 trinam
290 3141 322 3190 de
344 3140 534 3204 exemplaribus
554 3139 647 3188 divinis
669 3139 695 3187 in
716 3141 797 3190 sacris
810 3141 905 3191 litteris
923 3145 1072 3191 contentam
1084 3154 1141 3189 esse
1153 3140 1240 3189 nullus
1253 3140 1353 3190 inlicias

181 3222 230 3272 ibit
241 3221 286 3285 qui
301 3221 371 3271 varia
384 3234 464 3270 sacrae
477 3219 611 3281 seriptnrae
630 3220 689 3268 loca
700 3221 857 3286 perlegerit,
873 3220 1001 3286 imprimis
1017 3219 1094 3281 Gen,
1108 3231 1137 3280 11,
1150 3219 1165 3269 7
1177 3237 1183 3283 3
1197 3219 1256 3283 Job,
1269 3228 1354 3289 xxvni

181 3300 337 3365 atriensium
351 3301 439 3359 inca,
453 3312 509 3359 vm,
521 3298 551 3348 bi
562 3316 569 3362 ;
581 3300 657 3363 Sap,
670 3300 775 3365 v11,25;
789 3301 832 3365 tit,
843 3302 874 3366 93
893 3300 984 3367 laura,
995 3317 1013 3366 1,
1026 3304 1049 3352 t.
1065 3303 1208 3367 Diligenter
1218 3303 1354 3367 exponitur

181 3382 239 3429 baec
250 3377 367 3428 doctrina
378 3391 392 3427 a
402 3377 524 3442 theologo
532 3377 620 3427 Lessio
628 3379 797 3442 sequentibus
806 3379 908 3429 verbis:
922 3397 933 3426 r
944 3380 1039 3431 Omnia
1048 3380 1178 3444 possibilia
1190 3380 1356 3429 continentur

181 3461 209 3508 in
220 3458 339 3509 cesentio
347 3456 443 3518 divina,
455 3461 580 3518 tanquam
591 3455 619 3504 in
631 3456 752 3520 originali
765 3457 871 3521 radice,
895 3463 922 3509 et
933 3459 1007 3521 quasi
1018 3457 1047 3507 in
1059 3458 1200 3521 exemplari
1212 3457 1315 3506 virtuali
1329 3463 1356 3506 et

182 3537 306 3592 radicalh
329 3536 356 3585 in
376 3536 514 3598 supientia
533 3541 660 3598 tanquam
679 3535 706 3584 in
729 3537 870 3601 exemplari
893 3536 1006 3595 formali,
1028 3536 1056 3584 in
1076 3550 1126 3600 quo
1147 3535 1226 3585 etiam
1243 3535 1356 3583 existunt

182 3616 309 3681 objectiva
322 3615 399 3665 modo
412 3614 603 3678 perfectissimo
615 3619 641 3663 et
652 3615 844 3678 illustrissimo;
857 3616 884 3664 in
893 3616 1014 3678 potentia
1022 3620 1147 3678 tanquam
1159 3615 1271 3663 incensa
1281 3612 1356 3662 ellec-

181 3696 247 3748 trice
260 3695 308 3761 (De
320 3694 391 3758 Pers.
405 3695 578 3759 Moribuaque
590 3699 701 3760 diru'uis,
715 3699 760 3748 lib.
773 3700 803 3763 V,
818 3714 840 3748 c.
855 3699 892 3762 Η).

215 3783 229 3815 ⁸
248 3778 345 3830 iubent
366 3792 480 3841 namque
504 3781 631 3844 sapientia
655 3798 685 3832 ac
708 3784 826 3833 voluntas
851 3783 937 3832 divina
955 3793 1045 3830 rerum
1059 3778 1192 3841 exemplar
1212 3776 1356 3839 perlectum

181 3860 317 3910 absolvere
338 3859 466 3923 periectas
482 3866 570 3923 partes
588 3864 697 3927 muudi3
719 3877 772 3912 non
795 3862 831 3912 ita
851 3868 942 3913 tamen
953 3866 983 3911 ut
996 3858 1182 3923 perlectionem
1202 3855 1357 3919 exemplaris

181 3939 262 3990 divini
277 3940 397 4003 adaequet
409 3940 522 3989 mundus
535 3946 561 3990 et
575 3942 683 4004 trrfiraite
695 3943 832 4007 participet
844 3941 974 3993 infinitam
994 3943 1042 3993 Dei
1059 3941 1265 4006 perlectionem,
1289 3938 1358 4002 qnod

182 4018 412 4070 esset'absurdum.
438 4019 469 4068 Iu
490 4019 539 4069 hoe
552 4027 706 4072 erraverunt
718 4023 792 4073 Plato
810 4029 836 4073 et
849 4023 907 4086 ejus
920 4037 1060 4087 sequaces,
1084 4025 1232 4072 asserentes
1250 4017 1358 4068 bonitati

181 4098 231 4148 Dei
241 4099 359 4149 debiturn
370 4113 427 4150 esse
439 4101 491 4150 tale
504 4101 655 4150 universum
668 4103 822 4165 producere,
837 4109 866 4152 ut
877 4104 915 4153 sie
929 4105 1043 4167 optimus
1054 4101 1182 4166 optimum
1194 4099 1359 4162 produceret.

185 4197 195 4224 ι
210 4178 283 4238 Quod
296 4178 403 4243 quidem
423 4183 509 4242 potest
522 4194 579 4229 esse
593 4193 693 4241 verum,
717 4179 739 4229 si
756 4181 841 4230 solum
856 4185 981 4243 quantum
995 4181 1027 4230 ad
1041 4193 1070 4228 ea
1085 4192 1143 4241 quae
1158 4181 1218 4226 sunt
1232 4174 1357 4238 respicia-

182 4271 260 4322 mus;
275 4272 328 4308 non
346 4264 434 4308 autem
456 4259 477 4309 si
499 4259 671 4322 respiciamus
684 4261 716 4309 ad
731 4274 762 4308 ea
776 4274 834 4323 quae
849 4274 905 4310 esse
919 4265 1035 4322 possunt.
1058 4258 1112 4307 Hoc
1125 4257 1196 4306 enim
1207 4255 1359 4304 universum

184 4343 224 4387 est
236 4338 364 4402 optimum
377 4353 469 4388 eorum
481 4354 539 4402 quae
551 4344 629 4399 sunt;
652 4345 678 4388 et
692 4340 761 4402 quod
776 4340 809 4389 sit
822 4339 860 4388 sic
873 4338 1000 4402 optimum
1013 4353 1044 4386 ex
1058 4349 1161 4385 summa
1177 4333 1225 4384 Dei
1245 4333 1359 4382 bonitate

183 4416 271 4467 habet.
286 4416 345 4467 Non
357 4420 446 4469 tamen
467 4418 569 4468 bonitas
590 4419 636 4469 Dei
658 4423 697 4469 est
717 4418 753 4468 ita
766 4418 879 4482 obligata
893 4418 954 4466 huie
968 4416 1107 4473 universo,
1130 4414 1193 4478 quin
1212 4412 1307 4462 melius
1318 4413 1358 4461 rel

184 4495 271 4547 minus
282 4496 379 4547 bonum
391 4498 462 4548 aliud
481 4498 634 4548 universum
645 4496 731 4547 faeere
744 4496 871 4561 potuisset
884 4495 931 4558 (De
944 4494 1000 4548 Pot.
1015 4508 1058 4557 qu.
1075 4504 1109 4556 111,
1123 4506 1146 4542 a.
1162 4491 1212 4556 16).
1291 4503 1293 4509 ·
1333 4492 1335 4496 ’
