3240 5468
532 897 761 985 TERTIA
807 896 978 983 PARS.

336 1299 425 1365 DE
474 1295 733 1366 ΒΟΕΤΙΟ
778 1294 1189 1366 'l'l-lEOLOGO.

234 1734 314 1809 Jam
330 1738 435 1807 antea
455 1727 661 1805 monuimus
681 1726 771 1803 illud
791 1725 944 1804 maxime
964 1727 1096 1802 mirum
1118 1736 1153 1802 et
1173 1728 1348 1802 absonum

180 1865 303 1961 videri,
330 1864 359 1940 si
383 1862 527 1940 Boetius
555 1861 617 1960 qui
642 1861 725 1937 inde
749 1885 769 1938 a
794 1860 970 1937 natalibus
997 1859 1034 1934 in
1062 1858 1131 1935 fide
1157 1859 1351 1935 christiana

182 1998 369 2094 enutritus,
396 1995 676 2097 praeclarissimis
695 1995 827 2096 ingenii
846 1994 988 2071 dotibus
1008 2001 1208 2089 exornatus,
1231 1991 1276 2069 ad
1296 1991 1353 2066 di-

90 2132 92 2136 ‘
183 2131 332 2232 gnitates
349 2129 494 2207 senibus
510 2139 656 2230 negatas
671 2130 878 2206 adolescens
888 2137 1080 2230 provectus
1091 2127 1216 2222 fuerat,
1229 2125 1353 2202 amicis

185 2266 400 2366 Symmacho
439 2288 480 2341 ac
510 2264 670 2341 iohanne
704 2264 854 2340 diacono
889 2264 1067 2339 Christum
1102 2259 1352 2357 suadentibus,

185 2398 369 2499 theologia
399 2398 599 2476 christianae
632 2399 793 2474 studium
817 2422 965 2498 prorsus
990 2395 1159 2494 omiserit,
1180 2402 1287 2495 atque
1310 2395 1355 2469 ab

185 2530 291 2632 hujus
316 2530 499 2606 altissimae
522 2531 676 2607 scientiae
696 2538 729 2607 et
750 2554 858 2606 sacrae
883 2529 1054 2607 doctrinae
1076 2527 1193 2604 studio
1218 2527 1357 2604 alienus

186 2664 320 2741 vixerit.
347 2664 442 2739 Nihil
463 2671 557 2741 certe
577 2664 690 2763 magis
710 2664 858 2741 decebat
877 2664 1133 2766 philosophum
1151 2662 1197 2739 de
1216 2685 1358 2740 summo

188 2805 222 2874 et
237 2796 373 2897 optimo
393 2797 466 2871 Deo
481 2803 556 2872 tam
571 2806 666 2873 recte
682 2797 902 2897 sapientem3
923 2796 1014 2873 nihil
1027 2796 1141 2894 magis
1156 2805 1358 2874 senatorem

188 2930 383 3006 exornabat
407 2928 469 3029 qui
492 2929 539 3006 ad
564 2930 741 3029 quosdam
761 2931 959 3030 peritorum
977 2955 1020 3008 ac
1039 2930 1182 3031 piorum
1201 2930 1359 3008 virorum

189 3071 384 3142 conventus
408 3062 614 3161 advocatus,
640 3064 684 3139 de
709 3065 965 3163 quaestionibus
991 3066 1035 3141 ad
1060 3088 1199 3142 sacram
1224 3063 1362 3140 theolo-

190 3195 284 3295 giam
310 3194 571 3295 pertinentibus
600 3195 716 3273 verbis
746 3204 780 3272 et
809 3196 950 3298 seriptis
980 3223 1062 3274 oum
1090 3198 1183 3275 clero
1211 3221 1361 3274 romano

192 3327 326 3427 agitare
348 3326 520 3427 poterat¹.
549 3329 699 3405 Maxime
723 3332 964 3407 necessarium
987 3330 1054 3407 suit
1078 3332 1263 3431 theologiae
1287 3341 1363 3408 stu-

228 3648 237 3682 t
259 3646 372 3706 Boetius,
385 3650 474 3710 utpote
487 3646 565 3696 Urbis
578 3646 715 3706 Patriciae,
728 3648 760 3697 iis
772 3649 924 3699 incumbere
938 3650 1028 3700 debuit
1041 3665 1098 3714 quae
1114 3651 1142 3699 in
1159 3656 1259 3712 senatu,
1271 3651 1299 3699 in
1316 3652 1364 3700 hoc

196 3743 205 3771 ι
222 3726 367 3774 litterarum
377 3725 498 3786 sacrario,
512 3743 521 3770 r
536 3725 563 3773 in
576 3725 625 3775 hoc
638 3745 647 3772 r
661 3726 787 3776 libertatis
797 3729 906 3792 gremio,
919 3747 928 3774 r
944 3734 972 3777 ut
984 3729 1020 3778 ait
1031 3730 1205 3790 Cassiodorus,
1225 3730 1366 3780 maximam

194 3807 297 3856 laudem
311 3805 471 3856 obtinebant.
486 3806 596 3856 Senatus
608 3812 696 3856 aulem
713 3821 766 3855 non
781 3808 862 3856 semel
882 3808 914 3856 de
935 3808 1014 3856 rebus
1037 3809 1189 3874 theologicis
1210 3809 1367 3872 quaestiones

195 3885 276 3935 movit
294 3891 322 3935 et
333 3900 348 3935 a
359 3885 543 3934 controversiis
556 3885 624 3935 circa
635 3901 736 3936 sacram
748 3887 894 3936 doctrinam
905 3887 974 3936 haud
986 3888 1086 3938 alienus
1096 3888 1202 3939 exstitit.
1217 3889 1301 3939 Testis
1309 3896 1349 3940 est
1361 3906 1366 3939 ι

195 3968 223 4014 l⁰
247 3966 361 4030 Epistola
383 3965 528 4028 presbyteri
552 3966 651 4015 Tritolii
674 3968 706 4016 ad
730 3973 877 4017 senatorem
903 3969 1036 4029 Faustum,
1060 3984 1129 4020 anno
1153 3970 1199 4021 518
1223 3971 1368 4032 conscripta

195 4048 299 4113 (lligne.
317 4054 380 4097 tomr
398 4048 484 4107 LXlll,
500 4048 549 4096 col.
568 4046 641 4110 533);
661 4047 686 4096 2⁰
701 4048 849 4097 Conventus
870 4048 959 4098 Romae
978 4049 1083 4100 habitus
1100 4053 1148 4100 sub
1169 4053 1254 4100 Leone
1275 4051 1369 4114 Magno

196 4131 331 4193 Pontilice‚
344 4145 412 4180 anno
427 4130 482 4191 tlt,
496 4131 528 4178 oh
539 4129 743 4178 Manichaeorum
755 4130 885 4191 haeresim,
898 4131 930 4179 de
945 4144 996 4192 quo
1008 4130 1098 4180 scribit
1109 4131 1227 4179 Pontifex
1238 4130 1270 4178 ad
1279 4128 1368 4179 Turri-

197 4211 269 4261 hium
291 4212 441 4273 episcopum
460 4209 666 4271 Asturicensem‚
687 4208 728 4257 his
750 4210 836 4258 verbis
862 4226 867 4258 :
892 4209 1121 4258 «Manichaeorum
1135 4208 1320 4272 turpitudinem
1337 4208 1369 4257 ad

197 4293 328 4356 publicam
349 4291 459 4340 fecimus
475 4291 612 4353 pervenire
631 4290 760 4351 notitiam,
783 4306 816 4340 ne
836 4293 978 4343 ullomodo
994 4287 1193 4350 possitdublum
1207 4288 1369 4350 videriquod

199 4373 223 4421 in
235 4371 333 4434 judicio
344 4375 444 4432 nostro,
457 4370 498 4419 cui
510 4384 563 4418 non
574 4370 659 4420 solum
670 4370 880 4434 frequentissima
892 4369 1030 4436 praeseutia
1041 4370 1214 4429 sacerdotum,
1228 4371 1275 4420 sed
1287 4370 1371 4419 etiam

198 4451 349 4501 illustrium
362 4451 483 4500 uirorum
493 4451 621 4514 dioniius,
636 4457 662 4499 et
680 4464 748 4514 pore
760 4454 884 4514 quaedam
898 4459 1007 4502 serratus
1020 4465 1051 4501 ac
1067 4451 1149 4514 plebis
1162 4452 1287 4514 interluit,
1300 4452 1371 4516 ipso-

199 4544 258 4580 rum
270 4531 314 4595 qui
329 4542 407 4579 omne
421 4527 530 4579 tacimus
542 4536 735 4593 perpetrarunt,
749 4545 794 4581 ore
818 4537 964 4582 reseratum
980 4537 1020 4583 est
1040 4531 1110 4596 lEp„
1127 4532 1194 4596 xv„
1212 4547 1224 4582 u
1242 4533 1317 4583 testis
1331 4539 1372 4584 est
