3240 5468
666 423 865 495 -ttt-

234 617 320 693 Cum
343 617 462 694 omnis
483 625 611 691 natura
631 615 676 690 sit
696 626 731 690 et
752 615 935 690 ordinetur
956 614 1001 689 ad
1021 613 1207 714 propriam
1225 638 1353 716 opera·

180 750 325 845 tionem,
343 772 423 825 curn
440 756 571 843 antem,
594 753 632 823 ut
647 755 824 847 operetur,
846 770 991 824 necesse
1006 747 1052 823 sit
1065 770 1210 828 causam
1227 748 1353 825 adesse

179 906 255 959 suae
279 881 505 982 operationis,
527 880 701 958 naturalis
725 881 810 957 ordo
835 880 991 979 postulet
1015 888 1054 955 ut
1081 881 1283 958 doctrinam
1309 882 1353 958 de

178 1014 317 1090 entium
335 1022 464 1090 natura
479 1022 649 1112 sequatur
665 1010 825 1088 doctrina
842 1011 886 1089 de
906 1015 1035 1090 causis.

235 1146 451 1240 Aristoteles,
475 1146 524 1221 ait
548 1145 704 1244 Boetius,
724 1153 879 1244 quatuor
898 1149 1018 1247 posuit
1040 1171 1168 1226 causas
1178 1146 1202 1246 ¹,
1223 1150 1351 1249 quibus

180 1279 468 1380 unumquodque
492 1279 677 1355 conficitur
701 1307 709 1350 :
733 1279 898 1380 primam,
924 1303 1003 1378 qnae
1027 1281 1192 1358 movendi
1218 1283 1352 1382 princi-

178 1413 282 1514 pium
306 1421 381 1508 est,
406 1412 612 1507 secundam,
637 1437 678 1487 ex
702 1436 774 1511 qua
797 1413 837 1487 fit
862 1414 1008 1512 aliquid,
1034 1439 1143 1513 qnam
1167 1415 1350 1501 materiam

178 1559 304 1645 vocat,
334 1547 488 1645 tertiam,
511 1547 686 1623 rationem
711 1556 744 1623 ot
772 1549 940 1648 speeiem,
971 1571 1041 1646 que
1071 1549 1352 1649 unumquodque

178 1679 375 1776 formatur,
391 1691 555 1780 quartam
575 1679 683 1756 tinem
699 1688 843 1780 propter
859 1703 967 1778 quem
982 1680 1166 1780 quodlibet
1187 1680 1351 1756 efficitur.

180 1817 295 1890 Causa
327 1823 381 1890 est
413 1815 449 1887 id
476 1815 511 1888 ci
538 1816 637 1907 cnjus
660 1815 791 1914 atr'qnt'd
816 1815 1033 1912 producitur.
1062 1817 1227 1892 Succedit
1254 1817 1351 1894 enim

177 1970 298 2024 causae
327 1946 471 2023 effectus
500 1947 635 2024 nonni
664 1948 798 2022 ordinis
831 1948 958 2043 solum,
994 1957 1033 2024 ut
1062 1951 1241 2027 somniant
1271 1952 1367 2050 qui.

176 2081 276 2178 dnm,
302 2081 363 2156 sed
385 2080 417 2157 vi
442 2081 602 2167 notionis,
624 2103 705 2178 quae
724 2080 865 2157 effectui
885 2106 962 2158 esse
978 2082 1125 2159 confert.
1144 2086 1259 2161 Causa
1273 2084 1353 2162 effi-

179 2213 289 2307 ciens,
306 2236 369 2287 seu
390 2211 606 2312 principium
625 2212 862 2289 extrinsecum
883 2238 994 2313 aquo
1014 2215 1172 2314 primurn
1192 2218 1352 2318 procedit

182 2355 313 2442 motus,
339 2344 468 2421 dicitur
486 2347 659 2444 primunt
680 2348 829 2422 secunda
850 2378 862 2421 :
881 2349 1010 2448 prima,
1032 2373 1113 2448 quae
1128 2375 1147 2428 n
1165 2351 1264 2426 nullo
1283 2350 1352 2428 alio

181 2483 311 2585 pendet
326 2492 367 2558 ut
382 2491 480 2583 agat,
497 2482 668 2582 secunda,
685 2485 788 2585 cujus
799 2493 861 2560 aut
877 2485 989 2562 virtus
1005 2486 1133 2585 agendi
1148 2497 1210 2563 aut
1224 2487 1353 2564 exerci-

179 2619 269 2694 tium
294 2618 403 2718 hnjus
421 2616 564 2694 virtutis
589 2617 634 2692 ab
651 2617 722 2694 aiio
747 2620 890 2720 pendet.
912 2620 1027 2696 Causa
1045 2621 1163 2718 primo
1182 2631 1235 2698 cst
1255 2620 1352 2698 solus

180 2752 296 2848 Deus,
326 2774 442 2827 causae
470 2754 624 2829 secundo
657 2763 740 2828 sunt
773 2776 899 2829 omnes
932 2763 1120 2851 creaturae,
1161 2779 1203 2830 ac
1236 2780 1352 2832 causae

180 2885 475 2973 instrumentales,
493 2870 577 2984 'quae
597 2892 703 2960 motae
721 2894 756 2961 et
775 2887 962 2987 applicatae
983 2898 1067 2964 sunt
1087 2911 1230 2966 acansa
1249 2890 1352 2987 prin-

180 3018 299 3119 cipali.

236 3151 461 3230 Nihilautem
478 3153 601 3231 nisiex
619 3153 738 3231 causis
754 3154 850 3250 oriri,
871 3156 1080 3254 nullumque
1100 3181 1179 3233 esse
1199 3157 1351 3258 casum⁹‚

183 3417 522 3433 w-

182 3567 256 3612 autre
279 3565 350 3612 sorte
371 3561 410 3610 les
429 3559 513 3623 objets
534 3558 566 3610 de
587 3561 658 3609 leurs
680 3560 799 3623 penseeS,
821 3561 921 3610 chacun
944 3562 1016 3611 selon
1039 3578 1068 3613 sa
1083 3564 1200 3613 manidre
1217 3565 1249 3613 de
1265 3564 1352 3627 philo·

182 3640 318 3704 sopher...
340 3641 376 3689 La
396 3640 509 3690 seconde
531 3639 619 3688 raison
639 3640 684 3702 qui
706 3641 771 3688 rend
788 3641 883 3690 l'dtude
901 3642 946 3691 des
963 3642 1107 3704 categorias
1123 3644 1294 3708 dangereuse,
1314 3649 1354 3694 est

183 3721 278 3784 qu'elle
298 3725 452 3770 accoutume
474 3721 513 3769 les
529 3719 650 3769 hommes
670 3720 728 3769 ase
745 3735 823 3784 payer
840 3721 872 3769 de
889 3727 966 3781 muts,
984 3721 1162 3786 ‹is’imaginer
1178 3724 1252 3786 qu'its
1264 3731 1354 3774 serent

185 3806 269 3850 tontes
281 3800 382 3862 choseS,
395 3799 525 3863 lorsqn'ils
538 3801 599 3848 n'en
612 3801 777 3849 connaissent
790 3814 840 3862 qne
852 3802 898 3851 des
909 3816 985 3851 noms
996 3802 1174 3853 arbitraires...
1188 3804 1313 3867 (Loqique
1322 3805 1355 3853 de

183 3878 360 3943 Part-Royal,
378 3881 411 3928 tr·
425 3879 516 3942 partie,
530 3894 553 3928 c.
566 3880 614 3942 111).
632 3899 642 3926 ι
659 3879 697 3929 Sit
710 3880 862 3943 supradictis
874 3882 1023 3932 auctoribus
1036 3887 1107 3932 terra
1118 3884 1197 3933 levis!
1212 3883 1270 3933 Nou
1283 3884 1353 3933 enirn

182 3965 376 4022 praesenserunt
398 3977 408 4005 r
429 3974 523 4009 novam
545 3978 554 4005 r
578 3965 792 4022 superventuram
813 3976 869 4010 esse
891 3961 1103 4026 Metaphysicarn,
1125 3966 1229 4026 qualem
1250 3965 1355 4013 tradunt

183 4038 260 4087 hodie
278 4041 393 4103 Auguste
407 4039 498 4089 Cornte
511 4039 678 4101 (trentam),
689 4039 778 4100 Talae,
791 4040 882 4096 Littrc‚
895 4041 965 4088 Leon
976 4042 1100 4103 Dunront,
1113 4042 1225 4100 Darwiu,
1236 4042 1352 4106 Tpndalt,

183 4118 287 4177 Sr-ttitl,
308 4117 337 4168 G.
361 4116 460 4177 LeweS,
487 4118 606 4180 Franchi,
629 4119 740 4177 Ferrari,
762 4118 832 4168 Edw.
859 4134 908 4168 vnn
931 4119 1085 4181 Hartmann,
1109 4118 1233 4179 Haeckei,
1256 4133 1270 4166 e
1292 4121 1353 4167 tutti

183 4199 288 4262 paranti.

219 4279 227 4310 ¹
248 4276 284 4327 In
299 4277 359 4341 Pop.
375 4277 507 4338 ciceron,
518 4279 612 4342 Migne,
627 4284 646 4328 t.
660 4279 745 4341 LXIV,
759 4281 807 4329 col.
822 4279 893 4329 atta.

171 4421 174 4427 ¹
217 4368 228 4400 Ι
251 4364 319 4416 Ordo
338 4367 409 4415 eninr
427 4366 533 4430 quidam
556 4373 649 4417 cuncta
668 4368 859 4431 complectitur,
877 4374 905 4418 ut
920 4369 988 4431 qnod
1005 4369 1134 4433 assignata
1144 4368 1242 4418 ordinis
1254 4367 1353 4419 ratione

182 4447 334 4507 decesserit,
356 4447 407 4496 hoc
427 4447 489 4496 licet
504 4447 531 4495 in
543 4448 624 4497 alium
635 4453 724 4497 tamen
741 4447 860 4514 ordinem
874 4449 1013 4511 relabatur,
1027 4463 1060 4498 ne
1073 4450 1139 4512 quid
1152 4450 1181 4499 in
1195 4464 1277 4514 repon
1288 4451 1354 4502 Pro·

152 4582 155 4589 ¹
182 4525 310 4576 videntioe
324 4527 405 4576 licent
418 4528 563 4577 temeritati
576 4527 701 4590 (Consul,
715 4527 756 4590 iv,
771 4543 808 4591 pr.
824 4529 856 4592 d).
1310 4519 1313 4523 ’
