3240 5468
719 381 831 449 ...49
853 419 897 431 .-

228 604 242 634 ι
275 564 372 645 mani
386 569 525 668 generis
540 568 662 669 decus,
682 604 699 638 »
724 604 740 637 ι
761 571 879 648 virum
897 578 1013 648 totum
1030 594 1071 647 er
1087 570 1262 671 sapientia
1276 571 1392 648 uirtu-

228 737 243 768 ι
275 703 441 802 tibusque
468 701 606 779 'lactum
625 705 659 802 ¹,
696 739 711 770 »
748 737 765 770 α
803 708 969 780 sanctum
997 727 1039 780 ac
1068 680 1306 781 reverendum
1329 701 1343 742 ²
1369 740 1390 779 ,ι

223 829 388 939 adpellat,
406 859 485 937 quae
501 837 607 912 verba
622 836 679 915 rix
695 834 807 914 alium
818 860 859 914 ac
875 835 1241 914 christianumvir'um
1254 838 1393 916 decent.

223 971 319 1047 Duos
341 994 381 1048 er
408 969 615 1047 Rusticiana
638 970 733 1048 filios
758 970 914 1072 suscepit
943 970 1098 1072 Boetius,
1124 970 1395 1074 alterumSym·

223 1103 391 1181 macbum
415 1129 456 1182 er
484 1104 578 1183 avito
606 1105 769 1207 nomine,
799 1105 950 1184 alterum
980 1128 1021 1182 ex
1045 1113 1196 1206 paterne
1227 1104 1392 1208 Boetium

222 1237 371 1337 dictum,
394 1239 454 1341 qui
476 1239 582 1317 ambo
609 1273 626 1306 <r
654 1240 759 1318 liberi
780 1242 988 1319 consulares
1013 1239 1161 1319 suerunt
1170 1235 1195 1340 ³,
1211 1248 1245 1317 et
1261 1240 1336 1341 jam
1355 1239 1395 1316 in

222 1372 351 1474 puerili
365 1380 470 1452 aetate
480 1374 562 1450 aviti
575 1398 617 1454 ac
632 1375 914 1478 pateruiingenii
925 1374 1107 1480 specimen
1121 1374 1322 1454 retulerunt
1331 1370 1356 1472 ⁴,
1372 1405 1391 1444 s

212 1505 401 1608 amboque
419 1508 649 1588 consulatum
664 1518 861 1612 gesserunt,
880 1513 975 1590 anno
990 1505 1082 1594 522.
1300 1515 1304 1521 ’

640 2004 767 2081 meur
791 2005 979 2082 TERTIUM.

342 2273 389 2328 DE
411 2271 529 2328 Bonrn
551 2271 786 2330 scmnrmaon
808 2272 853 2328 AG
874 2272 1100 2329 massanensi
1123 2272 1272 2329 saurus

277 2503 338 2578 Sat
353 2525 395 2577 ex
407 2498 642 2578 Cassiodor0³
656 2505 878 2602 compertum
889 2509 943 2579 est
955 2502 1214 2604 Symmachum
1229 2500 1341 2581 fuisse
1356 2504 1394 2580 in

223 2634 384 2712 aediliciis
409 2635 614 2713 extruendis
639 2634 895 2736 peritissimum
921 2645 956 2714 et
983 2669 999 2703 α
1029 2637 1182 2714 Romam
1202 2635 1240 2712 ia
1267 2637 1395 2713 subur-

222 2766 326 2844 banis
351 2768 500 2846 traxisse
529 2802 547 2838 ·
574 2769 648 2844 sive
667 2792 752 2880 ergo
779 2769 875 2869 apud
891 2792 1069 2866 socerum,
1094 2769 1168 2847 sive
1187 2767 1395 2871 inpropriis
1422 2751 1426 2757 ’

219 2899 359 2979 ‘oedibus
381 2901 595 2979 habitaverit
609 2901 767 2999 Boetius,
783 2908 921 2978 certum
946 2910 1000 2978 est
1020 2901 1140 3002 ipsum
1159 2901 1259 2978 omni
1280 2901 1397 2980 fortu-

225 3044 316 3112 natae
339 3035 419 3112 vitae
438 3035 630 3137 splendore
654 3043 689 3112 et
711 3034 865 3135 eleganti
889 3033 989 3112 cultu
1015 3032 1124 3111 vitam
1149 3033 1299 3134 degisse,
1317 3042 1397 3113 tum

225 3167 434 3246 liberalitate
449 3169 486 3245 in
502 3192 690 3271 pauperes,
700 3193 742 3247 ae
756 3167 1002 3246 benevolentia
1012 3167 1050 3242 iu
1061 3166 1210 3243 miseros
1220 3190 1395 3267 quosque,

225 3309 315 3379 teste
338 3301 514 3404 Procopio
524 3299 549 3402 ⁶,
565 3301 776 3396 emicuisse3
797 3301 1028 3378 scientiarum
1051 3309 1086 3378 et
1105 3300 1236 3377 artium
1259 3297 1398 3378 instru-

225 3442 362 3529 menta,
379 3434 553 3512 librorum
567 3436 676 3512 etiam
695 3443 804 3535 atque
820 3435 984 3513 codicum
999 3433 1142 3535 copiam
1158 3435 1254 3534 apud
1270 3440 1308 3513 se
1322 3422 1399 3513 cel·

225 3568 365 3670 legisse,
390 3576 425 3646 et
450 3568 488 3646 in
511 3565 754 3646 bibliotheca⁷
777 3591 858 3667 quae
888 3601 905 3638 c
930 3568 1038 3646 ebore
1062 3590 1104 3645 ac
1131 3565 1223 3645 vitro
1247 3565 1399 3669 comptis

261 3895 270 3929 ¹
293 3893 413 3960 Censet,
425 3894 471 3946 lib.
484 3893 518 3956 Π,
531 3907 570 3958 pr.
582 3895 606 3945 d.

259 3977 271 4011 ¹
293 3973 410 4038 Consol.‚
422 3975 468 4026 lib.
479 3974 501 4035 Ι,
515 3987 556 4037 pr.
568 3973 594 4024 4.

261 4058 273 4092 ⁸
295 4069 306 4103 a
321 4055 388 4116 Quid
400 4055 486 4106 dicem
497 4054 594 4106 liberos
606 4057 757 4109 consulares
769 4070 884 4123 quoram
894 4055 951 4120 jam
962 4061 992 4106 ut
1006 4054 1034 4104 in
1050 4051 1078 4105 id
1096 4052 1181 4104 aemtb
1193 4051 1291 4118 pueris,
1303 4051 1345 4103 vel
1357 4064 1403 4117 pa·
1492 4049 1494 4054 ’

226 4136 304 4199 terni,
315 4137 357 4187 vel
367 4136 429 4187 aviti
441 4136 576 4201 specimen
587 4137 674 4187 elucet
686 4137 811 4203 ingenii?
825 4157 838 4184 ι
852 4136 977 4202 (densat,
989 4133 1036 4185 lib.
1046 4133 1080 4198 11,
1096 4147 1137 4198 pr.
1149 4134 1183 4198 l).

215 4254 219 4261 .
260 4219 273 4253 ⁴
295 4217 387 4268 rDuos
403 4218 500 4281 pariter
509 4218 630 4268 consules
645 4216 744 4269 liberos
756 4223 817 4270 tuos
828 4218 906 4268 domo
918 4215 1041 4281 provehi.
1064 4215 1112 4266 sub
1124 4215 1271 4279 trementia
1283 4213 1404 4278 aaaron,

226 4295 274 4347 sub
288 4297 371 4360 plebis
385 4297 519 4348 ainamma
530 4296 618 4347 vidisti
632 4313 643 4342 ι
662 4295 787 4360 (amaon,
801 4297 847 4350 lib.
862 4297 895 4359 11,
908 4309 949 4360 pr.
959 4294 994 4359 3).

261 4378 274 4413 ⁸
293 4376 419 4440 Cassiod„
436 4376 508 4441 Ver„
522 4377 569 4430 lib.
582 4377 625 4441 lv,
637 4390 679 4441 ep.
689 4377 731 4431 LI.

261 4455 335 4508 ⁸De
348 4455 423 4510 Bell.
438 4456 528 4517 doto„
540 4455 586 4510 lib.
602 4456 623 4516 Ι,
635 4471 659 4510 c.
672 4469 691 4508 ι.
749 4453 754 4461 ’

261 4539 272 4572 ²
293 4535 467 4600 comoedia.
483 4537 505 4599 1,
515 4551 541 4602 p.
557 4538 581 4588 5.
