3240 5468
709 411 889 484 ..56-

216 612 330 682 meret
354 603 492 696 effecit,
520 601 731 698 Paulinum,
762 600 986 678 consularem
1019 600 1156 698 virum,
1194 602 1406 703 Albinum,

216 738 410 839 pluresque
429 735 531 834 alios,
548 745 623 811 tum
641 734 810 837 plebeios,
828 742 902 810 tum
920 733 1086 835 patricios
1102 756 1123 810 a
1138 733 1263 812 Gothis
1278 737 1406 841 impe

218 872 313 967 titos,
329 894 404 948 non
418 871 497 947 sine
512 891 642 970 magno
659 867 712 944 sul
734 866 889 969 periculo
914 867 1064 967 protexit
1089 877 1197 968 atque
1216 867 1405 952 defendit

272 1002 361 1081 Inde
384 1002 630 1103 improborum
654 999 836 1095 omnium,
861 1021 903 1075 ac
932 997 1168 1100 plurimorum
1197 1001 1310 1078 etiam
1330 1008 1405 1106 qui

220 1136 372 1239 gothicae
396 1132 632 1212 dominationi
658 1132 909 1226 adhaerebant,
934 1132 1008 1208 siro
1034 1133 1157 1209 homae
1180 1135 1214 1208 in
1241 1147 1402 1237 senatu,

221 1269 296 1345 sire
313 1270 464 1347 Veronae
477 1265 515 1341 in
530 1265 611 1342 aula
627 1263 848 1364 Theodorici,
865 1264 1030 1340 ardentes
1044 1264 1081 1339 in
1097 1290 1135 1342 se
1150 1267 1405 1347 concitaverat

221 1398 427 1476 inimicitias
448 1397 603 1477 Boetius.
629 1398 707 1483 Quo
732 1397 858 1496 maiori
883 1395 1064 1497 pollebant
1087 1400 1304 1478 auctoritate
1331 1406 1404 1504 qui

223 1533 355 1633 injusta
370 1529 619 1626 moliebantur,
638 1553 680 1608 eo
696 1529 836 1632 gravari
856 1554 894 1606 se
914 1529 1115 1606 sentiebant
1139 1532 1272 1633 injuria
1289 1534 1401 1633 laedi,

223 1690 266 1744 eo
285 1662 506 1768 impacatiori
518 1662 599 1739 odio
614 1662 774 1740 Boetinm
791 1663 1109 1764 persequebantur.
1121 1665 1211 1740 Hinc
1222 1665 1402 1765 palatinae

223 1799 352 1878 canes¹
376 1805 499 1875 contro
532 1797 652 1898 ipsum
679 1796 869 1894 latrantes,
898 1794 980 1871 hinc
1009 1794 1161 1896 improbi
1191 1797 1399 1898 delatores,

224 1930 346 2034 quales
362 1930 593 2027 Gaudentius,
611 1929 727 2031 Opilio
747 1936 781 2008 et
804 1928 978 2028 Basilius,
1002 1929 1086 2005 binc
1106 1930 1306 2032 Cyprianus
1327 1934 1400 2012 iste

225 2063 446 2166 sycophanta
470 2060 506 2138 in
533 2061 708 2139 senatoris
728 2061 842 2138 Albini
864 2062 1092 2140 accusatione
1116 2064 1281 2142 boetium
1308 2090 1398 2168 per-

224 2196 332 2276 dendi
346 2195 570 2274 occasionem
589 2218 786 2297 aucupans.

278 2332 380 2408 Anno
401 2323 475 2407 ott
497 2354 516 2407 e
537 2329 607 2409 ritu
628 2328 732 2408 cessit
755 2330 953 2430 Eonodius,
972 2331 1169 2408 Ticiuensis
1185 2332 1394 2434 episcopus,

224 2462 345 2542 Boetio
360 2461 625 2564 propinquitate
641 2465 867 2565 conjunctus,
885 2463 946 2563 qui
962 2463 998 2539 in
1015 2464 1087 2574 hoc
1097 2476 1254 2542 extremo
1269 2491 1397 2547 rerum

223 2595 429 2696 discrimine
452 2595 519 2698 ipsi
545 2596 677 2674 auxilio
702 2597 838 2673 luisset.
865 2597 1050 2674 Eonodius
1074 2598 1186 2695 enim,
1203 2622 1297 2675 anno
1314 2595 1396 2678 507

223 2730 280 2808 vel
293 2724 383 2829 508,
395 2728 583 2807 Mediolani
594 2738 657 2806 aut
673 2731 860 2831 Ravennae,
876 2732 1132 2832 panegyricum
1143 2757 1346 2811 sermonem
1358 2735 1397 2812 in

223 2861 397 2965 principis
408 2862 613 2942 Theudorici
624 2863 994 2964 landem,emphatico
1008 2886 1049 2940 ac
1059 2863 1239 2942 laudativo
1250 2866 1396 2945 dicendi

223 3021 363 3099 genere,
382 3005 481 3075 autor
495 2997 572 3098 ipse
588 2996 725 3077 dixerat
740 3007 774 3075 et
789 2999 825 3074 in
841 2998 946 3099 Regis
963 2999 1076 3100 gratia
1093 3011 1351 3099 permanserat.

278 3133 472 3229 Postquam
487 3129 677 3206 Eutharico
692 3131 830 3207 consuli
856 3153 897 3208 ao
921 3155 1050 3232 genero
1071 3157 1135 3208 suo
1155 3135 1396 3235 regnicuram

226 3261 503 3339 demandaverat
533 3262 773 3340 Theudoricus
796 3264 974 3342 Veronam
1005 3290 1042 3342 se
1071 3266 1229 3343 contulit.
1266 3271 1396 3346 Narrat

224 3404 343 3474 autem
359 3419 562 3498 anonymus
577 3395 800 3497 Valesianus,
817 3407 1036 3475 consonante
1055 3399 1266 3477 cassiodoro
1280 3402 1304 3498 ¹,
1324 3407 1396 3480 lu-

223 3529 319 3606 daeos
344 3528 571 3606 Ravennates
594 3529 706 3629 gratia
728 3529 937 3607 Theudorici
957 3531 1221 3633 superbientes,
1246 3535 1397 3614 catholi-

225 3688 351 3742 corum
365 3663 489 3742 odium
512 3663 551 3740 in
573 3688 611 3741 se
636 3662 851 3760 concitasse,
872 3687 913 3741 ac
934 3664 1138 3744 ludaeorum
1155 3690 1391 3769 synagogasa

224 3796 406 3875 catholicis
421 3796 588 3874 incendio
604 3796 738 3874 deletas
753 3797 875 3874 fuisse.
893 3797 1040 3897 lnjuriae
1057 3798 1269 3876 ulciscendae
1283 3825 1391 3879 causa

223 3937 399 4007 venerunt
422 3928 536 4005 Iudaei
556 3929 602 4006 ad
621 3929 898 4026 Theudoricum,
924 3928 984 4028 qui
1010 3930 1117 4031 jussit
1149 3964 1165 3997 ι
1199 3930 1393 4012 catholicos

223 4062 377 4162 propriis
398 4061 602 4164 sumptibus
620 4085 819 4164 synagogas
838 4061 1065 4141 reaedificare.
1089 4099 1105 4131 a
1135 4063 1197 4140 His
1221 4066 1370 4165 cognitis
1382 4127 1392 4164 ,

255 4425 266 4459 ¹
289 4422 406 4488 Consul„
421 4423 466 4476 lib.
477 4424 497 4488 1,
513 4438 553 4489 pr.
566 4427 590 4476 t.
1202 4482 1205 4486 ,

254 4504 268 4539 ·
291 4502 365 4566 Vua,
377 4504 468 4569 libii,
483 4518 526 4573 ep.
537 4504 640 4572 xxvl13
657 4505 702 4557 lib.
715 4505 746 4569 V,
760 4517 801 4572 ep.
814 4503 921 4572 xxxv;
938 4504 984 4558 lib.
998 4503 1038 4570 tv,
1050 4520 1091 4573 ep.
1105 4506 1193 4560 ahur.
