3240 5468
733 415 909 485 ..53-

235 605 346 704 jecto,
371 604 415 680 de
439 603 640 683 diversitate
665 601 809 704 triplici,
829 609 904 680 tum
930 603 1108 703 generice,
1130 611 1205 679 turn
1221 606 1405 707 specifica,

236 745 313 816 tum
333 737 527 832 numerica,
546 736 590 814 de
605 735 779 814 divisione
795 736 1037 836 scientiarum,
1057 737 1101 815 de
1119 739 1404 838 praedicamentis

235 894 277 947 ac
294 869 491 973 praesertim
505 870 549 946 de
564 869 747 965 relatione,
769 870 923 970 genuina
946 869 1058 946 Boetii
1080 894 1187 970 opera
1203 871 1279 950 loca
1295 875 1405 951 simil·

234 1003 319 1080 lima
331 1028 372 1081 ae
389 1002 571 1104 parallella
587 1002 779 1080 continent.
798 1004 847 1079 De
863 1011 1001 1099 caetero,
1013 1003 1081 1079 hoc
1098 1005 1403 1086 tamlueulentum

234 1161 274 1214 ac
298 1136 528 1236 magnifieum
552 1161 643 1238 opus
672 1134 788 1236 qnod,
818 1135 900 1212 inde
925 1137 969 1212 ab
994 1135 1183 1214 Hincmare
1213 1164 1327 1240 usque
1356 1143 1401 1219 ad

234 1270 275 1346 D.
296 1269 470 1346 Thomam
490 1269 666 1346 mirantur
685 1293 821 1367 omues,
843 1278 919 1345 tum
935 1295 1055 1346 rerum
1072 1271 1161 1348 serie
1177 1295 1219 1349 ac
1236 1273 1401 1352 rationali

232 1402 412 1498 methodo,
430 1409 505 1478 turn
523 1401 631 1478 etiam
648 1401 728 1478 stilo
744 1402 788 1477 ad
804 1402 1014 1480 brevitatem
1029 1412 1223 1502 contracto,
1237 1406 1398 1486 arianam

231 1533 394 1612 haeresim
409 1559 490 1636 quae
500 1543 576 1610 tum
591 1535 627 1611 in
643 1535 742 1611 ltalia
757 1535 896 1636 rigebat
911 1536 947 1611 in
963 1536 1079 1614 fronte
1096 1538 1263 1640 percellit.
1284 1540 1397 1642 Igitur

230 1669 337 1771 hujus
356 1670 474 1772 operis
494 1669 617 1746 Boetia
632 1669 855 1748 adscribendi
875 1671 966 1747 ratio
985 1681 1019 1748 et
1038 1673 1288 1773 opportunitas
1307 1681 1399 1752 tem-

230 1802 338 1905 poris,
354 1803 441 1880 tanti
458 1804 524 1882 viri
539 1804 722 1905 ingenium
739 1826 780 1881 ac
800 1829 925 1882 sensus
943 1829 1026 1883 vere
1040 1805 1256 1883 christianus
1272 1831 1398 1885 neces·

230 1936 371 2014 sitatem
386 1939 579 2039 quamdam
594 1937 740 2016 faciunt.

633 2292 760 2364 CAPUT
783 2291 982 2365 OCTAVUM.

516 2563 632 2618 ΒΟΕΤΙΙ
656 2561 788 2619 UL'l‘lllA
809 2562 901 2618 FATA
924 2562 967 2616 ΕΤ
990 2562 1096 2618 MORS.

278 2790 365 2865 Tuta
390 2786 597 2864 Theudorici
622 2787 715 2888 regis
738 2785 1033 2863 administrandae
1047 2786 1166 2865 'ltaliae
1187 2789 1278 2866 ratio
1293 2789 1330 2865 in
1351 2814 1393 2868 eo

223 2930 298 2999 erut
310 2931 349 2997 ut
364 2919 575 3022 germanicae
584 2944 664 3020 quae
679 2918 819 2996 ltaliam
833 2919 1037 2996 invaserant
1052 2920 1216 2997 nationes
1227 2922 1263 2996 in
1278 2946 1392 2998 unum

224 3053 414 3155 imperium
429 3079 514 3130 cum
531 3053 664 3129 Latinis
684 3054 945 3148 adunarentur,
971 3062 1005 3129 et
1029 3053 1246 3131 occidentale
1263 3054 1392 3132 Gotho·

222 3211 304 3262 rum
342 3186 533 3286 imperium
568 3188 605 3262 in
640 3194 853 3286 perpetuum
887 3185 1176 3264 constitueretur.
1212 3186 1297 3263 Ideo
1330 3189 1390 3287 jus

222 3342 412 3395 romanum
436 3342 478 3394 ac
501 3317 577 3395 lere
596 3317 719 3394 omnia
744 3317 872 3394 veteris
896 3317 1036 3417 imperii
1066 3319 1204 3394 romani
1229 3318 1390 3396 instituta

222 3451 416 3528 retinuerat
436 3450 689 3528 Theudoricus

277 3585 513 3661 Tolercntlcm
539 3582 742 3683 religiosam
762 3585 786 3679 ¹,
814 3591 852 3659 ut
876 3582 1017 3681 dicunt,
1041 3607 1125 3684 erga
1144 3584 1338 3663 catholicos
1354 3594 1390 3662 et

221 3718 363 3795 ludaeos
379 3717 571 3794 maximam
596 3716 822 3813 exhibuerat,
849 3740 955 3792 suum
979 3717 1151 3793 thronum
1173 3716 1388 3795 incolumem

221 3858 315 3928 stare
329 3860 450 3948 ratus,
469 3851 499 3927 si
518 3851 555 3927 in
582 3859 659 3926 tuto
683 3849 942 3927 collocarentur
960 3849 1218 3949 pretiosissima
1237 3873 1390 3950 quaeque

220 3983 438 4083 populorum
456 3983 567 4083 ltona,
584 3981 706 4082 religio
728 3982 860 4059 scilicet
879 4004 920 4059 ac
935 3980 1086 4082 justitia.
1111 3981 1215 4082 lude,
1236 3991 1310 4058 toto
1326 3982 1390 4059 du,

219 4124 322 4193 rante
338 4115 546 4192 Theudorici
560 4138 687 4217 regno,
709 4115 968 4192 catholicorum
979 4116 1063 4216 jura
1077 4122 1173 4191 sarta
1189 4123 1334 4215 tutaque
1349 4115 1388 4191 in

219 4247 321 4324 Italia
336 4248 492 4325 luerunt.
506 4249 578 4349 Ipsi
590 4250 742 4326 Romam
757 4248 965 4326 adventanti
975 4249 1117 4326 obviam
1130 4249 1198 4325 luit
1214 4273 1386 4325 romanus

1001 4436 1389 4454 m

253 4530 263 4565 ¹
288 4547 300 4578 ι
312 4530 478 4596 Religionem
486 4532 615 4597 imperare
627 4547 681 4584 non
691 4532 907 4601 possumusquia
918 4545 997 4584 nemo
1007 4531 1108 4598 cogitur
1119 4537 1149 4586 ut
1159 4531 1248 4586 credat
1260 4533 1363 4588 invitus.
1375 4551 1386 4582 ι

220 4610 352 4678 (emeca,
370 4611 445 4680 Ver,
457 4613 503 4670 lib.
517 4614 550 4681 11,
564 4627 606 4682 ep.
620 4613 730 4682 XXVII.)
