3240 5468
706 429 907 509 4173-

220 627 280 703 sed
301 641 434 702 nutura
453 626 588 726 quidem
607 651 715 714 uuus,
734 628 1000 728 participatione
1018 655 1098 705 uero
1118 630 1208 706 nihil
1225 623 1394 731 prohibet

220 783 431 860 essequam
459 759 662 860 plurim0s¹.
690 794 705 827 o
738 761 821 837 Haeo
846 769 919 837 tam
945 772 1110 840 aeourate
1136 787 1176 839 ae
1202 764 1391 865 diligenter

221 897 313 972 dieta
337 895 417 993 quis
444 918 515 969 non
540 895 712 970 miretur?
733 897 810 970 Non
831 918 1010 995 paganum
1031 897 1189 996 quidem,
1212 922 1283 973 non
1305 903 1393 973 stoi-

221 1055 317 1125 eum,
334 1051 406 1103 non
424 1027 730 1127 neo-platonicum
746 1029 951 1128 quemdam,
964 1031 1024 1106 sed
1036 1055 1176 1108 merram
1192 1057 1393 1132 purumque

221 1161 456 1238 christianum
472 1161 640 1237 denotant
654 1157 677 1256 ²,
693 1161 773 1238 lieet
788 1162 995 1261 indignetur
1011 1164 1199 1241 Obbarius.

275 1297 353 1371 Huo
377 1319 491 1394 usque
520 1294 564 1370 de
598 1293 776 1392 Obbari03
799 1295 980 1371 sufficiunt
1007 1296 1113 1390 enim,
1139 1307 1176 1371 ut
1198 1299 1274 1396 ejus
1297 1299 1394 1397 apud

224 1437 385 1529 posteros
408 1427 619 1526 infringatur
643 1428 846 1504 auotoritas.
873 1429 1006 1506 Eodem
1034 1431 1105 1506 ictu
1131 1430 1303 1506 feriantur
1327 1456 1395 1508 ne-

222 1586 320 1637 eesse
348 1569 401 1636 est
428 1571 602 1660 quotquot
627 1561 663 1636 in
692 1562 798 1661 hujus
821 1565 941 1662 jurant
971 1564 1077 1639 verba
1105 1564 1275 1663 magistri,
1303 1565 1395 1642 inter

224 1718 316 1792 quos
347 1694 482 1767 Judiris
511 1695 551 1766 olo
581 1695 770 1782 lllirundol,
799 1698 899 1795 juxte
934 1721 1041 1796 quem
1070 1697 1213 1773 Boetius
1246 1728 1261 1761 α
1295 1697 1394 1774 nullo

226 1825 332 1901 modo
346 1825 559 1901 christianos
579 1851 706 1903 sensus
721 1829 897 1929 exprimit,
920 1865 934 1897 »
961 1861 976 1893 v
996 1831 1122 1906 merito
1138 1839 1324 1930 suspectus
1342 1842 1396 1908 est

224 1959 268 2034 de
297 1959 445 2035 erimine
474 1961 610 2059 magiae,
645 1997 659 2029 v
695 1994 709 2026 «
741 1963 1043 2063 conspirationem
1073 1965 1242 2041 conflavit
1271 1964 1396 2041 eontra

226 2092 424 2167 Gothorum
438 2092 641 2196 imperium,
662 2131 677 2165 v
700 2137 715 2166 a
736 2099 840 2196 eujus
859 2097 980 2198 spuria
1003 2105 1088 2173 sunt
1102 2098 1275 2197 opuscula
1295 2099 1398 2176 theo-

225 2232 349 2331 logica,
378 2270 396 2306 o
427 2265 443 2297 α
472 2232 534 2332 qui
563 2230 684 2308 doeuit
712 2251 940 2304 communem
971 2252 1048 2303 esse
1076 2238 1245 2306 naturam
1270 2230 1333 2306 uei
1362 2240 1398 2308 et

225 2363 420 2440 hominis...
452 2399 467 2431 »
491 2364 560 2439 Cur
582 2371 702 2439 autem
726 2362 801 2438 haee
828 2369 923 2437 tanta
953 2371 1098 2461 peecata
1125 2363 1248 2439 Boetia
1276 2363 1397 2463 impu·
1469 2431 1472 2440 .

226 2503 385 2573 nuntur?
404 2543 458 2554 -
478 2497 568 2584 Ouia
591 2496 767 2572 Ohbarius
787 2496 948 2594 mopirter
967 2496 1053 2571 diorit
1063 2492 1086 2570 ³.
1103 2498 1154 2573 De
1169 2496 1268 2573 vario
1284 2497 1396 2573 Boetii

226 2619 325 2730 stylo
347 2655 389 2707 ac
414 2629 555 2706 dicendi
579 2654 707 2729 genere
732 2635 855 2705 contre
880 2627 1076 2704 Obbarium
1100 2629 1205 2704 simul
1226 2638 1260 2706 et
1284 2631 1399 2707 Nitrs·

224 2764 347 2840 chium
368 2765 536 2865 superius
553 2762 825 2865 disputavimus.

280 2899 324 2972 ll.
346 2943 396 2954 -
418 2899 467 2972 Ex
493 2897 637 2973 Ohberii
662 2896 919 2995 Proleponteoir
942 2894 1092 2971 dubium
1116 2896 1209 2972 eirea
1235 2896 1398 2973 Boetium

230 3134 374 3144 -u--u-n

265 3252 274 3283 ¹
298 3247 417 3309 Currant,
429 3248 474 3311 111,
487 3263 527 3312 pr.
542 3250 580 3299 lt).
1316 3285 1319 3289 .

264 3335 275 3367 ²
298 3332 512 3396 cs.1J0an.,111,
528 3333 552 3383 ἓ,
570 3351 579 3378 ι
598 3329 663 3381 Cum
682 3329 830 3392 apparuerit
843 3328 944 3379 similes
955 3329 980 3379 ei
996 3329 1102 3389 emmas,
1120 3327 1243 3390 quoniam
1256 3326 1400 3377 videbimus

232 3427 293 3463 eum
316 3412 394 3462 sicuti
418 3417 466 3462 est.
490 3431 500 3460 r
523 3440 555 3449 -
573 3412 597 3461 ΙΙ
616 3410 684 3471 Pet,
704 3422 723 3470 1,
744 3409 801 3470 4...,
819 3412 848 3458 ut
862 3422 910 3471 per
925 3408 982 3458 haec
998 3402 1148 3457 efficiamini
1160 3407 1254 3456 divinae
1269 3411 1401 3457 consortes

231 3498 340 3543 naturai.
365 3519 398 3531 -
420 3494 495 3556 Apud
520 3494 611 3542 Patres
635 3495 660 3539 et
683 3491 807 3539 Doctores
834 3489 957 3538 Ecclesiae
985 3492 1125 3537 occurrunt
1148 3487 1297 3551 frequenter
1325 3501 1401 3537 voces

231 3565 359 3630 θεοῡσθαι,
378 3564 475 3629 tetra,
493 3572 626 3634 deificari,
640 3569 785 3631 deificatio.
800 3569 872 3617 Intra
883 3568 988 3618 Missam
1002 3567 1038 3616 ita
1049 3572 1124 3618 sonat
1136 3568 1217 3618 oratio
1236 3569 1268 3618 ad
1288 3567 1401 3618 Offerto-

230 3654 299 3704 rium
315 3669 320 3702 :
337 3654 397 3703 «Da
410 3651 486 3702 nobis
496 3667 544 3716 per
557 3652 635 3714 hujus
646 3664 719 3713 aquae
732 3656 758 3698 el
768 3649 822 3699 vini
838 3649 1000 3712 mysterium,
1021 3647 1078 3711 ejus
1098 3648 1240 3698 divinitatis
1257 3661 1314 3697 esse
1336 3663 1400 3699 con·

229 3738 323 3794 sortes,
347 3733 391 3796 qui
414 3732 583 3783 humanitatis
606 3736 701 3780 nostrae
725 3730 782 3780 heri
805 3730 924 3794 dignatus
949 3734 988 3778 est
1012 3726 1150 3791 particeps,
1175 3728 1248 3778 Jesus
1274 3729 1400 3794 Christus,

230 3812 355 3863 Dominus
367 3818 464 3864 noster.

264 3897 276 3930 ⁵
298 3910 311 3943 r
326 3893 462 3954 Obbarius,
478 3909 514 3943 un
526 3894 572 3943 des
584 3893 703 3944 derniers
716 3906 798 3942 venus
810 3892 874 3942 dans
886 3892 911 3941 la
921 3891 981 3951 lice,
995 3893 1057 3953 peut
1068 3903 1158 3953 passer
1169 3888 1184 3939 a
1195 3890 1248 3940 bon
1259 3892 1327 3942 droit
1337 3907 1403 3956 pour

230 3975 302 4024 avoir
323 3974 395 4024 enfin
415 3976 499 4024 rendu
520 3976 535 4024 a
551 3976 661 4025 l'auteur
679 3974 712 4023 de
730 3974 755 4023 la
769 3973 940 4026 consolation
954 3971 1152 4037 philosophique
1166 3986 1214 4022 son
1225 3973 1281 4024 vrai
1293 3988 1402 4036 person-

231 4069 298 4120 nage
313 4060 339 4105 et
358 4070 407 4106 son
421 4055 475 4104 vrai
496 4057 657 4104 caractere...
680 4053 749 4103 C'est
763 4068 794 4102 ce
811 4058 902 4103 savant
915 4053 1028 4104 derivain
1042 4067 1093 4117 que
1114 4067 1179 4103 nous
1194 4067 1273 4103 avons
1285 4054 1403 4103 consulte

231 4150 295 4186 avec
306 4137 331 4186 le
342 4137 400 4200 plus
412 4137 444 4185 de
456 4136 547 4186 fruit...
562 4135 596 4186 Ce
608 4149 659 4198 que
671 4137 746 4182 notre
766 4133 857 4183 travail
870 4139 931 4197 peut
951 4133 1069 4183 corrtenir
1086 4134 1119 4182 de
1138 4147 1255 4182 nouveau
1275 4137 1315 4183 est
1335 4135 1403 4183 done

232 4215 318 4266 moins
333 4215 348 4266 ir
365 4231 431 4266 nous
447 4215 506 4279 qu’i
526 4215 630 4266 l'habile
651 4214 799 4279 professeur
819 4216 935 4268 d’lena...
957 4217 978 4265 A
1001 4215 1062 4278 quel
1081 4214 1142 4263 titre
1162 4214 1246 4263 Boece
1267 4213 1347 4262 eut-il
1369 4228 1404 4277 pu

233 4297 374 4358 pretendre
386 4312 420 4347 au
432 4295 596 4361 martyrel...
610 4295 651 4346 Ovi
665 4299 704 4344 est
724 4295 749 4344 la
763 4309 859 4358 preuve
878 4297 966 4344 meme
986 4292 1048 4358 qu'il
1069 4292 1106 4342 ait
1118 4293 1160 4342 dte
1175 4292 1321 4345 chritien...
1337 4293 1403 4343 Rien

233 4375 301 4426 n’est
313 4376 398 4426 moins
410 4372 508 4426 certain
522 4390 573 4439 que
585 4375 773 4425 l’authenticite
788 4377 820 4425 de
832 4390 876 4425 ces
888 4388 1014 4438 ouvrages
1029 4373 1240 4438 (theologiques);
1255 4377 1282 4422 et
1295 4388 1342 4437 par
1352 4388 1403 4424 une

235 4456 343 4519 critique
356 4456 456 4520 rapide,
472 4457 539 4507 mais
552 4457 706 4507 concluante
726 4456 763 4520 (l),
786 4455 913 4507 Obharius
926 4470 941 4505 a
955 4455 1092 4504 demanare
1107 4455 1182 4518 qu'ils
1201 4456 1276 4504 n'ont
1293 4455 1350 4505 rien
1371 4457 1403 4505 de

234 4549 359 4586 commun
369 4550 432 4586 avec
442 4537 481 4586 les
493 4536 573 4597 ideas,
586 4537 611 4585 le
623 4537 688 4601 style
702 4536 734 4585 de
747 4536 861 4587 Boece...
875 4535 1000 4598 (Introd,
1009 4535 1147 4600 passim).
1162 4551 1174 4584 i
