3240 5468
721 379 898 449 41..

230 604 247 638 e
275 570 352 646 sine
383 575 502 658 ,vestro
534 564 721 667 dispendio
754 564 1046 666 supplicantem.
1085 597 1100 632 ι
1139 570 1233 655 Quid
1270 571 1396 649 forsan-

226 710 365 780 cararet
381 700 541 778 ethnicus
554 698 600 775 de
621 682 804 798 rogatione
824 697 973 798 alicujus
993 698 1178 801 episcopi?
1197 747 1249 760 —
1272 704 1392 780 Multi-

225 834 332 936 pIicat
362 841 481 909 tamen
515 856 636 933 preces
673 831 872 930 Ennodins,
902 838 1025 934 utpote
1054 832 1138 909 doni
1175 834 1390 936 impetrandi

225 991 396 1046 securus:
417 995 432 1030 ι
453 964 519 1041 Sed
536 964 755 1064 praestationi
770 971 897 1040 vestrae
913 963 1057 1064 genium
1080 966 1174 1043 dono
1199 967 1395 1045 celeritatis-

229 1134 245 1168 »
276 1099 465 1193 infundite,
491 1098 641 1174 Domine
667 1096 728 1190 mi,
753 1096 888 1173 cultum
920 1096 1142 1173 salutationis
1170 1100 1389 1200 impertiens,

227 1262 243 1295 »
274 1256 397 1332 preces
427 1231 555 1330 adjicio
582 1246 622 1307 ut
655 1231 870 1307 consularem
898 1232 1089 1329 sportulam
1121 1256 1198 1307 auru
1231 1258 1392 1334 responso

228 1396 243 1430 a
270 1368 424 1466 praefata
433 1366 610 1465 petitionis
630 1365 815 1464 accipiam.
840 1397 855 1431 o
879 1363 996 1440 Vincit
1022 1364 1167 1440 taudem
1194 1366 1391 1444 Ticinensis

224 1497 415 1600 episcopus
434 1507 469 1573 et
485 1495 691 1573 Anicianam
707 1496 856 1571 domum
872 1496 1053 1596 impetrat.
1070 1497 1162 1572 Dum
1177 1508 1294 1575 antem
1307 1500 1392 1576 ami-

223 1628 364 1709 cissime
387 1637 595 1729 quereretur
617 1629 759 1705 Boetius
786 1628 940 1704 rariores
965 1651 1043 1703 esse
1067 1628 1223 1733 episcopi
1243 1630 1390 1726 litteras,

224 1763 415 1864 respondet
439 1763 621 1840 Ennodius
649 1799 658 1840 :
685 1800 699 1833 a
728 1762 864 1837 Gratias
884 1784 949 1861 ago
974 1760 1070 1861 quod
1090 1787 1147 1839 me
1166 1763 1210 1840 ad
1229 1763 1392 1842 amicitiae

230 1931 244 1966 ι
276 1896 476 1973 custodiam
500 1895 638 1997 paginae
655 1903 724 1972 tuae
738 1893 825 1970 tiore
846 1893 1041 1993 compellis.
1063 1895 1130 1971 Sed
1150 1895 1180 1971 si
1199 1896 1284 1974 [idei
1304 1869 1397 1976 meae

227 2059 242 2092 ι
274 2054 369 2107 esses
383 2029 559 2125 conscius,
580 2028 836 2105 dubitationem
856 2029 900 2106 de
919 2030 1025 2105 rebus
1045 2030 1289 2107 constantibus
1318 2035 1396 2108 non'

226 2193 242 2226 a
274 2162 436 2239 haberes.
453 2162 573 2238 Timeo
589 2186 634 2238 ne
650 2162 917 2262 ambiguitatem
934 2185 1044 2262 quam
1064 2164 1178 2241 credis
1200 2164 1390 2258 exhibeas3

222 2327 241 2364 n
268 2305 304 2374 et
314 2298 397 2372 dum
410 2297 560 2371 amantis
576 2311 724 2396 teporem
739 2298 878 2385 metuis,
891 2298 929 2370 a'u
945 2295 1154 2397 affectionem
1170 2293 1388 2396 sripcscus⁹.»

275 2433 323 2505 En
339 2428 395 2506 his
411 2428 577 2505 amnibus
593 2430 704 2506 Boetii
720 2439 754 2506 et
770 2430 922 2506 Ennodii
939 2430 1127 2530 reciprocis
1151 2429 1391 2520 sermonibus,

223 2589 262 2640 ex
278 2564 344 2639 hac
360 2562 471 2639 Boetii
487 2586 568 2639 cum
583 2563 742 2638 Ennodio
758 2563 1111 2664 tampropinquitate
1123 2570 1198 2637 tum
1209 2561 1392 2637 familiari-

224 2703 294 2772 tate
314 2695 486 2795 sequitur,
503 2694 640 2771 seclusa
656 2695 752 2771 omni
768 2695 998 2796 praejudicata
1013 2696 1192 2795 opinione,
1212 2696 1390 2798 permulta

222 2851 263 2905 ac
286 2851 358 2904 non
383 2826 468 2904 Ievis
488 2827 659 2905 momenti
680 2836 816 2907 exstare
835 2828 980 2927 vestigia
1000 2853 1080 2928 quae
1097 2829 1259 2905 Boetium
1276 2828 1391 2904 cbris-

224 2960 359 3038 tianum
373 2960 484 3038 fuisse
498 2960 607 3037 fidem
622 2960 769 3036 faciunt.

619 3383 748 3454 CAPUT
776 3383 988 3454 SEPTIMUM.

220 3634 265 3687 nn
293 3630 533 3686 calcitrantem
561 3628 805 3686 EPISCOPOIIUM
833 3631 879 3684 AD
908 3631 1122 3688 staindelium
1153 3633 1270 3692 aaran
1298 3636 1391 3692 EPIS-

265 3748 366 3813 TOLA,
393 3746 436 3800 AG
459 3748 504 3800 DE
528 3748 642 3800 ΒΟΕΤΙΙ
664 3749 700 3800 ΙΝ
724 3747 914 3801 OPUSCULIS
938 3749 1167 3806 nanctoalcls
1191 3753 1389 3807 nmaannts

265 3863 374 3919 ANIMO
397 3864 489 3917 VERE
512 3863 732 3917 cnalsuntna.

275 4089 414 4164 Interea
447 4095 569 4163 contra
599 4088 803 4182 catholicos,
835 4091 918 4165 tidei
949 4091 1081 4167 scilicet
1112 4092 1387 4169 Chalcedonensi

222 4223 457 4316 adhaerentes,
475 4221 597 4297 saevire
613 4244 683 4297 non
700 4223 861 4297 cessabat
875 4223 910 4296 in
928 4223 1070 4300 Oriente
1091 4224 1299 4300 Anastasius
1319 4226 1388 4300 im-

256 4521 264 4555 ¹
287 4518 344 4572 Lib.
355 4517 423 4582 VIII,
436 4534 477 4583 ep.
490 4519 601 4580 LXXXI,
613 4519 688 4582 ibid„
704 4535 746 4584 ep.
757 4519 880 4574 XXXVII.

254 4601 268 4638 ἱ
288 4598 346 4654 Lib.
356 4599 423 4665 vm,
436 4615 479 4668 ep.
489 4597 602 4655 XXXVI.
