3240 5468
697 434 895 503 -188-

217 625 508 724 constringitur...
529 659 544 693 a
567 624 650 700 Haeo
670 646 780 722 quam
798 621 902 722 longe
919 620 1052 700 distent
1066 625 1388 724 alReformotorum

217 759 395 837 sententia
418 781 524 834 nemo
548 780 621 833 non
646 754 751 834 videt.
773 755 1036 832 Concludamus
1058 781 1142 858 ergo
1162 781 1247 834 cum
1272 759 1389 836 llitzs·

217 891 298 967 chio
323 919 338 953 a
361 889 503 966 nullum
528 912 607 966 esse
629 886 909 964 fundamentum
934 913 998 965 cur
1020 896 1170 989 negetur
1193 889 1262 965 boc
1277 912 1389 990 opus-

217 1024 338 1101 culum
364 1023 541 1125 pertinere
573 1021 619 1099 ad
646 1021 756 1098 boetii
789 1029 952 1125 tempora
977 1026 1027 1122 (p.
1058 1015 1149 1118 170)
1179 1054 1210 1122 a,
1242 1032 1278 1100 et
1308 1047 1389 1099 cum

218 1165 292 1235 tota
327 1157 489 1234 omnium
527 1163 673 1232 aetatum
707 1155 898 1233 traditione
929 1155 1018 1231 illud
1055 1156 1175 1233 Boetio
1214 1163 1389 1256 tanquam

217 1292 372 1393 genuino
390 1291 526 1368 auctori
542 1290 800 1367 adscribamus.

269 1429 320 1503 ue
347 1424 520 1527 opusculo
548 1426 725 1516 Quomodo
749 1425 983 1502 substantia...
1011 1431 1104 1502 tacet
1127 1423 1330 1501 Nitzsohius
1349 1450 1389 1503 eo

217 1559 314 1663 quod
342 1558 431 1636 illud
461 1559 675 1661 opusculum
705 1557 751 1634 ad
781 1557 995 1658 theologiam
1025 1582 1097 1635 non
1124 1559 1305 1660 pertinere
1329 1560 1390 1636 sed

218 1719 296 1773 essa
320 1719 417 1772 mere
442 1692 731 1794 philosophicum
752 1699 882 1770 censet.
907 1693 994 1793 Ejus
1019 1693 1241 1771 authentiam
1266 1693 1393 1795 recipit

217 1823 373 1928 Peiper¹.
386 1827 428 1902 In
444 1850 487 1905 eo
502 1824 736 1926 questionem
751 1833 871 1902 movet
885 1824 1029 1902 Boetius
1042 1827 1084 1901 dc
1097 1827 1196 1902 ruodo
1211 1851 1278 1926 quo
1293 1850 1393 1902 crea-

218 1976 305 2038 tura
328 1962 422 2037 bauco
440 1959 627 2058 procedant
647 1983 670 2032 a
687 1961 763 2034 Deo
783 1961 882 2051 bono,
904 1984 984 2061 quae
1004 1960 1148 2061 quidem
1172 1962 1326 2062 quaestio
1347 1961 1394 2038 ab

218 2104 370 2195 utraque
398 2092 545 2170 scientia
579 2091 641 2169 sed
673 2091 822 2170 diversis
853 2095 1052 2175 rationibus
1080 2096 1207 2197 agitari
1235 2121 1278 2174 ac
1301 2096 1395 2175 solvi

218 2235 346 2329 potest.
375 2226 441 2302 Hic
473 2224 633 2328 procedit
670 2225 815 2302 Boetius
848 2258 863 2291 «
895 2230 1001 2305 utin
1029 2231 1284 2307 mathematica
1312 2230 1397 2308 fieri

217 2361 318 2458 solet,
344 2393 359 2426 r
383 2360 624 2461 praeponendo
645 2359 822 2461 principia
842 2369 877 2437 et
896 2363 1048 2462 regulas,
1065 2371 1100 2440 et
1116 2362 1191 2440 haec
1213 2364 1397 2465 principia

219 2494 387 2594 subjectae
403 2491 561 2569 materia
579 2490 794 2591 adaptando.
812 2492 1084 2569 Praemittuutur
1098 2518 1181 2594 ergo
1197 2492 1395 2594 principia,

218 2649 298 2725 quae
321 2631 444 2725 postea
464 2622 508 2698 ad
529 2622 604 2698 baec
626 2622 691 2697 tria
712 2622 939 2722 adaptantur,
959 2648 1089 2727 nempe
1106 2625 1151 2700 ad
1167 2649 1242 2715 aas,
1262 2650 1394 2717 auum,

218 2759 356 2832 bortum.
385 2755 575 2834 Disseritur
599 2780 683 2856 ergo
706 2756 751 2832 de
775 2764 857 2833 ente
881 2760 1060 2835 abstracto
1084 2767 1119 2835 et
1142 2768 1324 2855 concreto,
1350 2761 1398 2839 de

203 2901 300 2970 ¹ente
320 2892 548 2969 substantiali
574 2900 609 2970 et
633 2893 865 2988 accidentali3
890 2903 967 2970 tum
992 2894 1036 2971 de
1060 2900 1142 2971 ente
1166 2892 1336 2995 simplici,
1357 2895 1398 2971 in

218 3051 291 3127 quo
310 3054 380 3102 esse
394 3035 430 3104 et
445 3028 482 3101 id
496 3029 585 3127 quod
599 3042 647 3103 est
661 3033 746 3104 sunt
767 3051 879 3102 unum
898 3033 933 3103 et
953 3025 1061 3123 idem,
1082 3033 1117 3102 et
1132 3024 1176 3100 de
1190 3032 1271 3101 ente
1287 3049 1394 3102 com·

220 3158 349 3259 posito.
368 3159 526 3234 Tandem
542 3159 688 3234 affertur
705 3158 935 3258 peripatetica
950 3159 1112 3236 definitio
1126 3158 1210 3235 boui
1225 3192 1233 3236 :
1249 3160 1398 3236 bonum

220 3289 387 3389 estquod
406 3290 526 3366 omnia
545 3299 739 3392 appetunt3
763 3329 777 3362 a
797 3315 903 3368 omne
919 3301 1037 3370 autem
1057 3292 1168 3371 tendit
1186 3292 1231 3368 ad
1251 3291 1398 3391 simile;

219 3448 299 3522 quae
326 3422 434 3523 igitur
458 3424 503 3499 ad
528 3424 661 3499 bonum
686 3424 838 3500 tendunt
866 3427 960 3501 bona
990 3426 1069 3527 ipsa
1097 3439 1191 3501 sunt.
1211 3413 1236 3498 ⁴a
1263 3426 1336 3502 Sed
1365 3428 1397 3504 si

219 3555 338 3633 omnia
358 3579 437 3655 quae
456 3563 553 3648 sunt,
568 3557 661 3632 bona
680 3566 775 3652 sunt,
793 3558 964 3657 quaeritur
983 3567 1104 3634 utrum
1120 3586 1160 3635 aa
1173 3586 1209 3636 se
1222 3569 1258 3636 et
1272 3586 1397 3637 esseu-

219 3688 350 3765 ttoliter
379 3690 472 3765 bona
507 3688 588 3786 sint,
620 3698 741 3765 utrum
773 3715 835 3789 per
859 3693 1172 3793 participationem.
1201 3695 1238 3771 Si
1270 3702 1397 3771 autem

218 3821 339 3896 omnia
370 3830 453 3896 sunt
479 3821 726 3897 substantialia
755 3824 860 3919 bona,
887 3828 1003 3925 primo
1033 3829 1131 3904 Bono
1161 3826 1289 3902 similia
1320 3827 1397 3903 sint

218 3977 364 4030 necesse
388 3960 453 4048 est,
482 3986 497 4020 a
525 3978 567 4031 ac
594 3979 658 4053 per
685 3957 753 4032 boc
777 3957 896 4058 ipsum
919 3962 1059 4037 Bonum
1082 3969 1224 4038 erunt...
1249 3986 1292 4038 ex
1317 3986 1396 4061 quo

218 4086 259 4160 fit
279 4092 318 4160 ut
337 4087 458 4161 omnia
482 4109 562 4185 quae
586 4095 670 4162 sunt
694 4091 789 4167 Deus
813 4093 895 4189 siut,
922 4095 1017 4194 quod
1042 4096 1136 4172 dictu
1159 4095 1260 4172 netas
1280 4105 1347 4171 est.
1376 4132 1392 4163 a

255 4369 263 4402 ¹
288 4384 298 4412 ι
322 4367 359 4416 De
380 4365 510 4430 Opusculo
532 4370 669 4427 Quomodo
687 4370 848 4420 substantioe
860 4385 893 4421 ne
905 4371 1051 4422 Nitzschius
1064 4371 1171 4435 quidem
1187 4371 1219 4434 [p.
1233 4373 1273 4432 tl,
1286 4379 1343 4422 not.
1362 4376 1396 4438 t),

219 4459 305 4509 neque
317 4445 443 4496 Jordanus
458 4447 492 4509 (p.
508 4448 556 4510 tl),
568 4446 711 4511 quidquam
722 4447 818 4500 habere
831 4464 859 4499 se
874 4451 986 4500 latentur
1004 4466 1084 4514 quare
1098 4466 1151 4500 non
1166 4452 1246 4516 possit
1264 4466 1280 4500 a
1301 4451 1397 4503 Boetio

220 4524 346 4590 scriptum
357 4539 415 4576 esse
432 4523 556 4589 (lotrad,
571 4541 598 4590 p.
610 4527 711 4592 lllllll).
727 4543 739 4575 a
857 4583 859 4588 ¹
