3240 5468
715 408 890 475 ‚eg-

224 623 486 700 quamcumque
501 609 639 701 partem
654 599 727 674 sire
743 597 935 699 politicam,
945 597 1020 675 sive
1034 599 1236 698 religiosam
1255 604 1404 700 perosi,

224 735 355 810 nullius
373 732 489 809 laudis
507 731 635 832 cupidi,
655 753 674 806 a
695 731 852 807 scientiis
877 739 911 808 et
934 732 1070 806 artibus
1097 757 1246 829 prorsus
1267 734 1405 834 alieni,

224 867 467 945 doctissimum
477 889 656 965 quemque
666 864 903 940 diminuentes
914 863 967 940 vel
978 863 1244 961 obscurantes·
1259 867 1405 966 ignava

225 1001 373 1101 segnitie
410 1032 427 1065 ι
458 1006 492 1074 et
530 1031 546 1063 ι
575 996 703 1075 callido
732 995 842 1073 livore
876 997 996 1073 »aliis
1028 1006 1171 1075 tuntum
1202 1002 1406 1101 praecelle-

223 1135 311 1212 bant
330 1134 353 1208 ¹.

277 1270 355 1357 Quo
374 1275 536 1369 tempore
559 1273 678 1343 autem
700 1265 737 1342 in
757 1273 920 1346 senatum
943 1264 1123 1344 admissus
1140 1266 1208 1344 tuit
1225 1268 1396 1368 Boetius,

219 1407 292 1505 jam
321 1400 438 1478 nullus
466 1400 548 1479 huic
580 1399 768 1476 conventui
801 1399 1004 1477 interfuisse
1033 1398 1177 1478 videtur
1205 1403 1400 1483 ethnicus.

227 1569 244 1602 e
264 1535 350 1612 Iece
366 1537 443 1635 jam
459 1534 495 1610 in
515 1532 576 1610 illo
596 1532 752 1611 sacrario
775 1531 946 1611 libertatis
969 1533 1059 1610 nihil
1084 1535 1212 1613 servile
1237 1536 1282 1613 de
1307 1538 1397 1617 ido-

221 1670 336 1748 lorum
369 1667 521 1746 cultibus
553 1666 741 1768 iuvenitur,
779 1701 795 1734 ι
829 1667 877 1744 ait
906 1666 1129 1748 Ennodius’.
1148 1671 1280 1748 Notum
1310 1685 1397 1751 erat

224 1803 429 1881 Theudorici
460 1801 613 1880 edictum
643 1801 710 1879 sub
744 1824 847 1904 poena
874 1801 1015 1902 capitali
1045 1826 1205 1905 paganus
1233 1806 1325 1882 ritus
1357 1818 1396 1884 et

222 1935 395 2013 sacrificia
410 1934 603 2035 prohibens
622 1930 647 2010 ³.
663 1937 855 2035 Perpetem
871 1934 991 2034 itaque
1008 1946 1260 2035 argumentum
1276 1941 1396 2016 sumit

222 2095 286 2176 pro
314 2067 516 2173 paganitate
534 2066 679 2146 senatus
695 2067 829 2143 iudicis
853 2067 897 2144 de
921 2065 1121 2146 lliraudol⁸
1145 2093 1185 2146 ex
1215 2071 1395 2172 petitione

220 2203 457 2306 quorumdam
482 2202 626 2280 Patrum
651 2225 717 2303 pru
739 2201 995 2281 restauratione
1020 2202 1269 2305 Lupercalium
1291 2214 1396 2285 etex

222 2339 345 2416 delusii
375 2360 477 2440 papae
494 2336 539 2413 ad
557 2336 847 2414 Andromachum
873 2344 1075 2415 senatorem
1105 2338 1342 2438 responsione
1355 2339 1389 2420 ⁸.

221 2475 308 2550 Nam
342 2471 429 2548 illud
458 2479 598 2548 tantum
632 2494 672 2547 ex
708 2470 774 2547 buc
804 2470 1002 2549 vehementi
1035 2473 1167 2548 summi
1204 2474 1394 2551 Pontificis

221 2605 466 2709 objurgatione
494 2604 685 2705 sequitur:
710 2600 746 2680 1·
772 2604 847 2680 Non
871 2605 1016 2706 quidem
1041 2605 1178 2684 nobiles
1199 2608 1294 2684 viros
1323 2611 1391 2686 sed

225 2773 239 2806 α
274 2739 397 2834 rilem,
428 2740 681 2841 vulgaremque
715 2736 854 2840 plebem
892 2739 1147 2841 »Lupercalia
1181 2742 1390 2838 celebrare3

222 2871 260 2951 d·
275 2876 340 2954 bos
361 2874 466 2952 ludos
490 2875 729 2954 acbrislianis
753 2882 876 2954 contra
894 2897 983 2976 quos
1009 2877 1391 2956 excommunicationis

255 3271 264 3307 ¹
287 3291 298 3320 r
319 3270 393 3324 Unde
407 3268 472 3322 mibi
485 3268 598 3320 maxime
616 3267 695 3320 subiIt
707 3267 900 3332 admirandum,
914 3284 1033 3336 qumnam
1052 3273 1109 3324 base
1120 3274 1286 3326 Indoctorum
1301 3278 1391 3329 homi·

219 3366 283 3404 num
304 3351 430 3412 audacia,
450 3350 494 3414 qui
518 3348 663 3400 Inscientlae
684 3348 775 3399 vitium
798 3352 1005 3417 presumptionis
1028 3358 1105 3416 utque
1128 3354 1297 3419 impudentiae
1318 3360 1390 3410 nube

219 3436 345 3483 conentur
358 3432 497 3491 obducere,
511 3443 571 3480 eum
584 3443 636 3480 non
649 3429 725 3479 modo
738 3442 805 3495 smpe
818 3428 841 3479 id
854 3431 921 3495 quod
938 3437 1096 3497 proponatur
1112 3434 1242 3498 ignorent,
1255 3453 1348 3488 verum
1362 3440 1390 3489 in

218 3512 346 3577 ejusmodi
360 3510 570 3562 contentionibus
582 3524 616 3560 ne
626 3510 652 3560 id
662 3510 768 3575 quidem
780 3511 846 3575 quod
862 3511 910 3576 ipsi
923 3513 1062 3576 loquantur
1075 3512 1230 3580 intelligant.
1247 3535 1258 3564 r
1277 3517 1391 3581 (Contra

218 3594 358 3660 Eutychen
372 3600 398 3645 et
408 3593 515 3644 Nestor.
531 3592 659 3656 Prooem.)
668 3618 699 3630 —-
710 3592 747 3643 Cl.
763 3592 801 3643 De
815 3592 911 3643 Trtnlt.
927 3593 1044 3644 Proeem.
1059 3610 1065 3644 ε
1084 3593 1275 3660 «Quocumque
1285 3599 1364 3664 igitur
1373 3617 1390 3651 a

219 3676 290 3726 vobis
305 3675 327 3740 (a
339 3675 506 3741 Symmacho)
519 3671 602 3737 deieci
617 3672 714 3734 oculos,
727 3672 821 3737 partim
835 3673 927 3740 Igneus
940 3674 1076 3739 segnities,
1092 3675 1188 3738 partim
1201 3677 1311 3727 callidus
1323 3678 1390 3728 liuor

218 3756 363 3807 occurrit.»

252 3837 265 3871 ¹
285 3835 340 3886 Lib.
354 3837 460 3900 apolog.
469 3848 521 3899 pro
533 3832 636 3900 synod,
651 3833 747 3900 bligne,
759 3839 780 3886 t.
790 3834 878 3896 LXIII,
896 3833 944 3884 col.
958 3833 1015 3884 206.

252 3917 266 3952 ⁸
289 3933 299 3964 r
317 3916 345 3967 Si
357 3917 416 3981 quis
428 3929 529 3980 pagano
542 3914 593 3963 ritu
605 3912 750 3965 sacriticare
763 3913 840 3966 luerit
852 3911 1061 3978 deprehensus...
1075 3912 1124 3964 sub
1133 3915 1204 3978 justa
1217 3919 1390 3970 aestimatione

219 3995 303 4060 capite
314 3994 447 4060 puniatur.
462 4010 471 4039 r
487 3992 625 4058 (Edictum
640 3995 748 4060 Tbeod„
761 3994 939 4058 n0108,juna
953 3994 1077 4045 Muratori
1089 3995 1122 4045 ab
1133 4010 1202 4046 anno
1215 3998 1279 4062 500.)

252 4078 265 4112 ⁴
288 4093 298 4122 r
316 4075 357 4127 Ori
369 4079 409 4126 est
421 4075 445 4125 la
457 4089 555 4137 preuve
565 4076 626 4140 qu’il
639 4076 738 4141 (Bubus)
751 4077 787 4128 ait
800 4076 842 4127 dte
856 4075 974 4126 ebrdtien
983 4075 996 4124 l
1006 4075 1044 4127 On
1059 4090 1091 4125 en
1106 4077 1191 4127 donne
1203 4079 1339 4142 plusieurs.
1358 4081 1390 4131 La

221 4173 233 4206 r
249 4156 390 4221 premiere,
410 4157 473 4206 c'est
494 4155 552 4218 qut
570 4157 595 4208 la
614 4157 650 4208 lln
669 4158 704 4208 du
717 4166 744 4207 v·
757 4157 836 4208 siecle
851 4157 875 4207 le
890 4157 1041 4221 paganisme
1053 4155 1120 4206 avait
1134 4157 1224 4221 depuis
1241 4160 1389 4225 longtemps

220 4252 231 4281 ι
249 4235 355 4300 disparu
368 4237 401 4285 de
413 4235 513 4287 l'ltalie.
526 4235 590 4287 blaIs
604 4242 672 4288 cette
686 4237 812 4288 assertiun
825 4241 866 4286 ost
877 4236 1029 4298 contradite,
1042 4239 1068 4286 et
1087 4250 1152 4286 nous
1164 4251 1243 4287 avons
1255 4253 1349 4289 encore
1364 4241 1389 4290 le

220 4334 231 4365 r
249 4317 325 4367 traite
336 4317 400 4367 dans
413 4316 500 4381 lequel
512 4317 536 4368 le
549 4333 614 4382 pape
627 4318 716 4369 Gelase
730 4318 739 4366 I
753 4317 869 4381 s'oppose
882 4331 913 4367 au
927 4316 1138 4367 retablissement
1149 4318 1195 4367 des
1207 4318 1387 4381 Lupercales.»

218 4394 344 4459 (Introd,
363 4410 388 4459 p.
399 4396 446 4462 15.)
467 4396 506 4447 En
524 4399 602 4449 modu
622 4402 712 4449 contra
730 4396 849 4447 Boetium
862 4394 1034 4447 christianum
1052 4394 1231 4447 firmissimum
1249 4411 1389 4461 argumen-

217 4475 292 4528 tuml

254 4557 266 4593 ⁸
286 4554 422 4621 Batonius,
434 4556 467 4608 sd
478 4569 539 4608 ann.
551 4557 607 4610 496.
