3240 5468
658 918 786 990 CAPUT
809 914 979 987 SElllllll.

235 1202 414 1265 micul
443 1200 539 1257 aaut
567 1198 680 1255 ronst.
706 1218 749 1232 -·
772 1193 919 1249 nolemus
947 1190 1092 1247 CONSUL.
1119 1211 1163 1224 ··
1188 1188 1339 1247 annom!
1365 1194 1417 1247 An

638 1312 792 1369 noevum
815 1308 995 1365 avtsvaun.

289 1562 340 1639 Ad
356 1586 494 1641 arcuum
506 1554 585 1637 aot
598 1566 761 1637 accenset
776 1555 949 1633 Batonius
960 1550 970 1593 ¹
981 1558 1149 1630 eventum
1160 1572 1269 1650 quem
1280 1563 1414 1630 narrat

232 1694 468 1775 theseiodorua
482 1694 526 1771 de
545 1689 806 1793 quinqueviruli
825 1687 958 1788 judicio
974 1685 1097 1761 latoio
1113 1682 1203 1759 duos
1217 1690 1411 1761 senatores

231 1832 278 1907 de
292 1826 676 1924 analeticiouccusotos,
691 1823 725 1899 id
736 1822 843 1900 estde
854 1817 1132 1913 manichaeismo,
1144 1840 1226 1892 nam
1238 1814 1282 1891 ad
1294 1816 1412 1894 dani·

231 1948 1408 2059 elravusrurndogmutnaccederaceusebunturquicumqueahorum

230 2092 354 2173 odium
374 2091 412 2169 iu
436 2116 474 2169 se
498 2090 772 2169 concitaverant.
801 2087 1025 2165 Calumniose
1050 2082 1286 2185 Symmachus
1303 2106 1406 2186 papa

232 2226 308 2329 ipse
323 2226 368 2303 oh
384 2221 570 2301 Anastasio
587 2224 813 2325 imperatore,
830 2221 930 2322 quasi
952 2219 1172 2296 manichaeus
1187 2224 1290 2314 esset,
1304 2215 1405 2295 insa-

231 2368 351 2437 matue
366 2366 430 2437 eet.
446 2358 546 2435 llanc
561 2366 682 2435 autem
697 2354 915 2433 calumniam
927 2359 1106 2451 retorquet
1116 2350 1152 2425 in
1168 2349 1403 2427 Anastasium

231 2516 391 2569 curramus
416 2490 583 2593 pontifex,
602 2490 689 2567 dum
714 2489 751 2565 in
771 2512 834 2565 sua
860 2485 1030 2588 Apologia
1052 2483 1222 2561 adversus
1246 2485 1404 2559 Anasta-

231 2622 325 2701 sium
350 2622 405 2699 hia
427 2620 544 2701 verbis
566 2622 770 2700 invehitur:
796 2655 811 2689 a
841 2619 934 2697 Dicis
960 2642 1017 2694 me
1041 2642 1120 2695 esse
1144 2614 1400 2694 manichaeum.

231 2754 409 2855 Numquid
433 2778 498 2857 ogo
521 2753 762 2856 Eutychianus
786 2778 867 2829 sum
883 2751 937 2828 vel
954 2750 1194 2851 Eutychianos
1219 2747 1402 2850 delendo,

227 2908 380 2987 quorum
405 2888 507 2966 luror
531 2888 683 2966 maxime
710 2887 984 2963 Manichaeorum
1012 2883 1402 2983 suffragaturerrori?

230 3020 340 3097 ltomu
367 3020 453 3097 urilvi
479 3021 577 3099 testis
603 3029 675 3118 est,
702 3030 737 3096 et
763 3019 892 3096 scrinia
922 3015 1161 3094 testimonium
1185 3014 1400 3116 perhibent,

228 3158 347 3228 utrvrm
363 3174 384 3229 a
398 3150 470 3229 lide
485 3151 668 3247 catholica,
685 3176 794 3251 quam
810 3152 847 3227 iu
864 3151 953 3227 Sede
968 3147 1125 3251 Apostoli
1144 3149 1237 3226 Petri
1252 3150 1399 3226 nesciens

226 3308 266 3359 ec
276 3284 477 3381 pupooitute
492 3281 645 3383 suscepi,
661 3282 783 3382 aliqua
796 3307 837 3360 ex
854 3291 954 3383 parte
969 3280 1185 3358 deviaverim
1199 3275 1224 3358 ³.
1243 3281 1397 3358 ellani-

224 3412 329 3491 clunis
345 3423 466 3495 autem
484 3438 607 3493 revera
623 3415 762 3494 invehat
777 3415 983 3494 Anastasius
998 3414 1204 3514 imperator,
1220 3420 1259 3487 ut
1269 3437 1395 3491 rerum

223 3546 413 3649 ascriptores
444 3546 456 3589 ³
487 3550 643 3625 tradunt.
685 3549 961 3626 llanichaenrum
999 3545 1228 3647 dogmatibus
1269 3552 1392 3623 autem

222 3680 388 3759 cvccedere
403 3682 641 3759 censebantur
656 3681 942 3780 Priscillianistm,
953 3679 1176 3782 Eutychiani,
1194 3677 1392 3782 llonophy-

254 4000 264 4035 ¹
288 4018 298 4049 a
316 4000 497 4065 Convpmimue
512 4002 633 4053 llasiliurn
647 4010 724 4069 atqua
745 4010 935 4069 praetextatum.
957 4005 1019 4054 artis
1041 4004 1153 4055 sinistrae
1162 4006 1217 4068 jam
1234 4004 1389 4068 contagione

219 4080 338 4147 pollutos,
358 4078 385 4129 in
400 4080 590 4131 acccusationam
603 4082 640 4132 tui
660 4084 787 4133 examinis
809 4096 978 4146 personarum
993 4083 1136 4132 intentione
1154 4083 1288 4133 deductos.
1303 4083 1389 4146 Super

219 4172 269 4223 qua
284 4173 312 4209 ra
326 4164 441 4209 nostrum
464 4164 489 4209 ta
502 4161 596 4211 usseris
611 4167 728 4225 spinctare
743 4162 940 4213 sententiam...
957 4164 1078 4226 praesenti
1096 4163 1248 4213 auctoritate
1263 4163 1386 4213 decerni-

218 4252 285 4302 mus,
299 4244 327 4289 ut
338 4240 453 4303 quinquo
465 4240 636 4301 senatoribus,
650 4240 674 4289 id
687 4246 727 4291 est
738 4239 884 4304 magnificis
897 4246 923 4290 et
935 4241 1049 4304 patriciis
1057 4241 1118 4291 siris
1130 4241 1286 4307 Symmacho
1296 4242 1385 4307 Decio,

218 4318 363 4379 Volusiano,
377 4322 454 4383 ntqvve
469 4318 592 4377 leinno,
604 4333 715 4369 necnon
728 4317 820 4368 illustri
833 4318 886 4367 viro
899 4319 1060 4384 Maximiano,
1073 4319 1141 4370 hauc
1150 4333 1254 4370 causam
1268 4320 1385 4385 legitima

217 4396 406 4447 examinatione
417 4399 539 4461 pensetis.
554 4417 564 4446 a
579 4398 668 4462 (Vuis,
682 4397 726 4448 lih.
740 4398 782 4460 ll',
796 4412 837 4462 ep.
849 4396 937 4464 xxm.)

250 4474 262 4509 ¹
283 4473 416 4537 Baronius,
432 4476 463 4527 ad
476 4490 536 4526 min.
551 4475 606 4537 503,
618 4490 643 4539 p.
658 4473 711 4526 568.
726 4474 793 4525 Edit.
806 4475 942 4540 Antuerp,
958 4477 1025 4529 1658.

251 4556 262 4589 ⁵
283 4552 443 4618 Nicephorua
456 4561 483 4607 et
494 4557 644 4608 Theodorus
655 4557 745 4614 lector,
758 4555 803 4608 lib.
817 4556 848 4605 ll.
