3240 5468
718 426 917 497 -tsn-

230 617 376 695 Boetius
391 617 489 694 hoc«
513 615 833 718 praedestinationis
847 615 979 693 divinae
996 645 1013 676 »
1031 614 1220 692 consilium
1240 618 1277 695 in
1293 646 1405 720 opus-

228 750 312 827 culo
337 753 378 827 de
399 752 468 850 ficte
485 750 649 825 catholico
672 748 899 850 descripserit
923 756 958 825 et
983 748 1148 825 universa
1175 750 1221 824 ad
1246 751 1314 828 hoc
1339 753 1401 830 Dei

229 879 430 979 consilium,
457 905 520 980 per
542 879 692 956 humani
713 881 852 981 generis
872 880 1156 981 redemptionem
1177 881 1404 962 reduxerim?

228 1013 283 1090 Ita
298 1013 468 1113 opinatur
486 1012 695 1108 llitzschius,
718 1021 753 1089 et
770 1013 821 1088 illi
841 1035 908 1089 nos
929 1015 1158 1092 vehementer
1177 1018 1403 1098 assentimur.

229 1148 375 1223 Fatetur
394 1146 490 1223 enim
515 1181 530 1215 α
553 1156 736 1222 auctorem
756 1146 866 1223 libelli
886 1148 1000 1224 nostri
1025 1150 1072 1227 ad
1095 1150 1262 1249 quintum
1280 1153 1337 1231 vel
1358 1154 1404 1234 ud

229 1287 369 1356 sextum
387 1278 555 1356 saeculum
580 1278 782 1378 pertinere3
802 1311 818 1344 »
840 1278 937 1355 illius
956 1309 971 1342 α
989 1279 1132 1359 dicendi
1147 1308 1262 1384 genus
1276 1309 1355 1364 esse
1369 1289 1403 1366 ri

228 1436 270 1489 ac
299 1413 473 1490 brevitate
501 1412 758 1513 conspicuum3
793 1442 808 1475 υ
845 1443 859 1475 «
893 1413 1032 1489 nullum
1062 1415 1159 1491 aliud
1189 1419 1402 1520 opusculum

227 1546 342 1645 magis
376 1545 584 1646 opinionem
617 1545 832 1622 confirmare
865 1546 1028 1622 Boetium
1064 1557 1260 1650 martyrem
1293 1553 1404 1632 luisse

227 1680 430 1757 christianae
448 1679 532 1754 fidei
548 1684 597 1779 (p.
618 1675 732 1776 170>3
755 1711 770 1743 a
794 1679 1029 1757 «doctrinam
1049 1681 1282 1760 christianam
1301 1687 1405 1786 juxta·

228 1814 296 1889 tria
311 1813 532 1890 oecumenica
551 1810 715 1913 symbola
736 1810 876 1910 erponi,
898 1811 953 1887 via
973 1811 1118 1911 quidem
1138 1813 1318 1911 historica,
1339 1818 1403 1894 sed

227 1948 295 2025 hac
320 1947 523 2024 conditione
549 1955 586 2022 ut
610 1944 775 2021 universa
800 1943 847 2018 ad
871 1951 984 2020 unum
1008 1947 1072 2023 Dei
1094 1948 1285 2026 consilium
1308 1952 1402 2029 redi-

227 2089 366 2182 gantur.
407 2118 422 2151 »
459 2083 535 2156 Hoc
568 2103 679 2155 unum
714 2077 905 2154 consilium
939 2086 993 2154 est
1030 2081 1229 2183 redemptio
1261 2085 1401 2184 generis

226 2210 389 2308 humani,
406 2209 539 2287 seilicet
555 2218 595 2285 ut
617 2240 631 2273 «
657 2235 813 2314 superna
835 2211 958 2289 civitas
982 2248 997 2283 i
1020 2214 1065 2289 ab
1084 2214 1218 2313 angelis
1238 2214 1401 2294 deserto-

226 2345 326 2420 ribus
350 2343 551 2442 imminuta,
578 2344 764 2421 hominurn
789 2345 992 2447 frequentia
1015 2359 1202 2447 reparetur
1222 2353 1270 2448 (p.
1296 2344 1399 2439 167).

225 2479 331 2555 Notat
365 2478 567 2556 Nitzsehius
605 2478 680 2556 haec
718 2481 807 2557 mira
844 2504 992 2582 prorsus
1029 2479 1141 2556 boetii
1180 2483 1287 2561 verba
1320 2507 1401 2582 quae

225 2612 390 2687 omniurn
429 2619 634 2711 temporum
672 2612 856 2689 haereticos
895 2614 1096 2716 percellunt
1128 2647 1137 2693 ε
1174 2650 1189 2684 a
1228 2617 1299 2692 Neo
1333 2616 1401 2694 vile

230 2780 246 2813 2
269 2744 442 2846 videat-ur,
464 2747 559 2845 quod
583 2745 646 2823 Dei
665 2746 777 2823 Filius
798 2772 840 2823 ex
862 2747 1001 2849 Virgine
1018 2757 1126 2826 natus
1146 2761 1210 2846 est,
1229 2751 1400 2850 quoniam

202 2913 246 2946 a
270 2887 398 2980 praeter
422 2888 561 2956 naturae
590 2880 738 2958 modum
769 2889 962 2982 conceptus
991 2888 1026 2957 ot
1055 2880 1172 2956 editus
1200 2887 1264 2956 est.
1294 2883 1400 2982 Virgo

230 3047 245 3078 ι
269 3013 388 3113 itaque
404 3014 449 3090 de
465 3013 599 3114 Spiritu
617 3021 740 3090 sancto
755 3013 982 3090 incarnatum
998 3012 1061 3089 Dei
1077 3011 1208 3089 Filium
1224 3014 1399 3116 concepit,

230 3143 376 3244 »Virgo
410 3145 564 3245 peperit,
600 3154 681 3246 post
712 3149 792 3248 ejus
821 3148 1013 3225 aditionem
1051 3145 1154 3246 Virgo
1188 3135 1397 3247 permansit.

234 3312 250 3341 ι
275 3279 388 3378 ltque
404 3276 560 3354 hominis
575 3279 690 3355 sactus
709 3291 764 3357 est
782 3281 949 3381 idemque
968 3282 1027 3359 Dei
1043 3280 1168 3379 Filius,
1184 3279 1233 3356 ita
1249 3288 1287 3356 ut
1303 3279 1340 3357 in
1356 3306 1399 3359 eo

227 3444 245 3476 »
268 3417 302 3487 et
317 3409 446 3486 divinae
461 3418 598 3487 naturae
613 3411 767 3489 radiaret
783 3412 952 3511 splendor
967 3420 1001 3489 et
1016 3413 1182 3488 humanae
1196 3410 1398 3511 fragilitatis

227 3578 245 3612 ³»
268 3557 459 3644 appareret
481 3545 680 3644 assumptio
690 3541 713 3620 ².
742 3576 758 3607 »
784 3548 857 3622 Hoc
879 3554 1000 3622 autem
1026 3545 1143 3621 solum
1169 3543 1318 3621 miratus
1343 3553 1398 3620 est

221 3678 367 3755 criticus
406 3687 529 3755 auctor
566 3679 713 3755 blaciam
751 3679 922 3780 appellari
963 3709 979 3743 e
1016 3686 1168 3754 matrem
1201 3677 1397 3755 conditoris

222 3811 362 3913 generis
389 3811 547 3888 humani.
577 3843 591 3876 »
620 3812 813 3913 Diligenter
837 3820 957 3888 autem
980 3811 1025 3886 de
1048 3839 1063 3872 «ι
1091 3810 1250 3888 Ecclesia
1267 3811 1396 3887 catho-

222 3944 288 4020 lica
307 3945 425 4020 »dicit
442 3944 584 4022 Boetius
601 3979 609 4023 :
630 3977 654 4010 a·
665 3944 846 4046 Quidquid
862 3945 899 4020 in
916 3970 957 4021 ea
975 3952 1116 4020 tenetur
1136 3943 1328 4020 auctoritas
1343 3952 1397 4020 est

223 4077 488 4176 scripturarum
504 4089 566 4153 aut
583 4077 739 4157 Traditio
756 4077 1004 4156 universalis...
1022 4079 1082 4154 sed
1103 4078 1306 4152 cauctoritute
1320 4084 1395 4151 tota

1249 4281 1392 4293 Μ,-

258 4377 266 4410 ¹
289 4377 329 4427 De
342 4377 390 4439 fid.
403 4380 488 4439 cath„
500 4379 603 4444 Peiper‚
617 4395 641 4444 p.
660 4380 714 4432 185.
727 4381 869 4445 solumque
882 4394 939 4430 esse
955 4376 1093 4442 praemium
1113 4374 1281 4426 beatitudinis
1301 4390 1307 4423 ε
1330 4388 1393 4424 con-

223 4455 356 4520 templatio
369 4459 493 4508 creatoris
504 4463 576 4509 tanta
587 4461 720 4522 duntaxat,
732 4474 783 4538 qua
796 4465 825 4511 ut
837 4465 963 4527 creaturae
974 4457 1007 4507 ad
1020 4461 1166 4525 creatorem
1181 4453 1238 4507 neri
1252 4456 1345 4535 pobefii·

255 4538 268 4571 ²
288 4536 390 4601 Peiper‚
405 4553 431 4602 p.
444 4538 499 4598 182.
