3240 5468
687 438 879 509 *lli-

332 623 453 702 Circuit,
470 633 499 687 et
514 625 603 687 simili
617 627 760 690 convertit
773 628 901 708 imagine
915 630 1033 693 coelum.

333 729 377 792 Tu
392 730 488 794 cerasis
502 732 616 795 animas
632 733 761 816 paribus,
775 735 907 817 vitasque
921 735 1051 800 minores
1160 803 1174 810 ,,

240 850 243 857 ’
331 833 483 914 Prouehis,
500 845 530 899 et
544 837 656 900 levibus
671 838 813 901 sublimes
827 841 964 903 curribus
978 851 1081 922 aptans
1091 845 1116 920 ¹,

332 941 366 1003 ln
381 943 488 1005 coelunt
504 952 672 1023 terramque
686 944 771 1022 seris,
789 965 861 1029 quas
875 946 940 1027 lege
954 948 1082 1031 benigna

333 1049 378 1111 Ad
394 1058 421 1112 te
436 1069 591 1113 conversas
607 1051 707 1113 reduci
723 1051 794 1113 lacis
808 1052 875 1131 igue
889 1055 1007 1117 reverti.

244 1283 395 1357 Bemum
412 1270 477 1356 hos
492 1282 672 1382 elegantes
685 1306 723 1360 ac
735 1308 818 1360 rere
829 1283 1000 1361 sublimes
1017 1309 1137 1362 versus
1154 1288 1197 1364 ad
1215 1312 1361 1364 causam

94 1498 98 1504 ,
190 1413 336 1491 finalem
356 1415 474 1515 dirigit
491 1415 636 1491 Boetius
657 1450 664 1493 :

316 1628 381 1719 sua,
397 1642 494 1720 Pater,
511 1648 683 1723 augustam¹
704 1646 795 1706 menti
811 1645 1011 1706 conscendere
1026 1646 1140 1719 sedern,

329 1749 371 1813 Ba
385 1751 497 1813 fontem
512 1750 637 1813 lustrare
651 1749 733 1827 boni,
750 1750 788 1814 da
800 1751 868 1813 luce
881 1759 999 1831 reperta
1008 1753 1034 1828 ⁵,

191 1933 384 1947 ...ι-...α-

188 2051 321 2109 collectos‚
337 2053 366 2099 ut
378 2048 493 2099 diversas
507 2062 596 2098 rerum
607 2048 702 2098 lormas
713 2049 825 2098 ambitus
834 2049 874 2098 sui
887 2047 1038 2099 circuitione
1051 2049 1228 2099 concluderet.
1242 2067 1252 2095 r
1268 2050 1361 2100 Totum

187 2128 309 2192 spatium,
323 2128 394 2177 velot
408 2145 417 2173 r
431 2133 550 2177 mentem
564 2128 717 2191 profundam
732 2147 742 2176 r
764 2129 880 2192 pervadit
893 2129 942 2178 ista
955 2128 1043 2177 anima
1055 2129 1162 2189 mundi,
1183 2143 1213 2178 ac
1230 2131 1362 2178 convertit

186 2208 285 2256 coelum
298 2206 384 2254 simili
405 2205 502 2254 mentis
527 2207 662 2268 inreptare,
687 2221 744 2269 quae
765 2206 914 2270 praefigurat
935 2206 1044 2256 virtutes
1065 2207 1253 2271 cognoscitivas
1267 2208 1361 2258 animae

186 2286 327 2336 rationalis.
342 2300 355 2332 u
371 2285 429 2334 Non
444 2284 515 2334 enim
529 2285 555 2333 in
568 2285 737 2348 intelligendo
750 2290 790 2333 est
801 2290 887 2334 motus
900 2322 906 2345 ,
920 2285 989 2335 unde
1002 2300 1052 2335 nec
1064 2286 1167 2349 proprie
1180 2287 1309 2350 loquendo
1322 2293 1363 2336 est

187 2365 252 2414 »ibi
265 2378 384 2414 recessus
404 2367 449 2412 aut
469 2363 582 2426 reditus,
598 2365 644 2413 sed
666 2378 712 2427 pro
733 2369 805 2413 tanto
829 2365 923 2413 dicitur
945 2378 1003 2414 esse
1025 2378 1162 2427 processus
1182 2369 1321 2424 emotus,
1334 2365 1360 2414 in

187 2462 198 2489 ι
216 2448 343 2508 quantum
356 2458 387 2492 er
399 2457 451 2491 uno
464 2443 632 2506 cognoscibili
647 2443 797 2505 pervenitur
809 2443 840 2491 ad
858 2442 937 2504 aliud,
950 2445 978 2491 et
988 2442 1016 2491 in
1029 2442 1105 2492 nobis
1118 2442 1147 2492 lit
1161 2456 1207 2506 per
1219 2443 1360 2506 quemdam

183 2541 195 2568 ι
215 2522 371 2585 discursum,
386 2522 530 2572 secundum
551 2536 631 2587 quem
652 2527 692 2572 est
714 2522 797 2571 exitus
810 2526 836 2572 ct
856 2522 956 2572 reditus
971 2523 998 2572 in
1019 2523 1133 2572 animam
1145 2526 1280 2582 nostram,
1296 2523 1360 2572 dum

186 2621 198 2647 ι
216 2601 349 2668 cognoscit
362 2600 475 2665 seipsam
491 2600 539 2665 (De
554 2601 666 2652 Verttot.
680 2617 723 2666 qu.
737 2615 767 2662 rr,
780 2618 804 2654 a.
820 2605 845 2663 Ξ,
859 2605 891 2653 ad
904 2605 937 2669 B).
955 2621 966 2650 n
982 2604 1095 2668 Corpora
1114 2602 1230 2653 coelestia
1245 2601 1360 2653 animata

184 2692 242 2728 esse
254 2678 344 2729 docuit
365 2676 523 2740 Augustinus
536 2679 564 2726 in
576 2677 755 2740 Enchirtdio;
775 2679 805 2727 D.
818 2678 931 2728 Thomas
944 2689 1033 2733 censet
1044 2684 1112 2732 hanc
1125 2682 1276 2746 opinionem
1287 2683 1360 2746 parvi

184 2755 283 2806 reterre
294 2757 326 2805 ad
340 2755 419 2807 tidem
433 2756 612 2818 christianam,
627 2758 747 2806 doctores
758 2758 882 2808 Ecclesim
904 2762 973 2811 varie
993 2765 1026 2812 de
1041 2777 1071 2812 ea
1084 2778 1113 2813 re
1126 2762 1250 2821 censisse,
1263 2762 1359 2812 Hiero-

183 2852 294 2903 nymum
305 2838 459 2899 affirmasse,
471 2840 662 2889 Damascenum
675 2854 794 2904 negasse,
818 2843 990 2905 eamdemque
1012 2843 1164 2893 varietatem
1183 2841 1252 2891 inter
1266 2841 1359 2905 philo·-

184 2916 278 2980 sophos
294 2918 404 2980 reperiri
417 2919 561 2982 (Quodlib,
576 2934 619 2982 qu.
634 2932 682 2981 nrt,
695 2934 719 2968 a.
732 2920 765 2982 B).

217 2997 226 3031 ¹
255 2996 311 3058 Hie,
324 3000 352 3046 ul
364 2998 489 3048 admonet
502 2998 665 3048 Murmellius
676 2998 779 3062 (iligna.
795 3004 813 3047 t.
827 2998 914 3047 LXIII.
928 3001 977 3050 col.
993 3001 1072 3062 roret,
1088 3001 1192 3050 Boetius
1206 3014 1259 3050 non
1272 3001 1356 3051 solum

183 3075 331 3139 diligenter,
353 3090 447 3126 verum
467 3083 493 3127 et
506 3083 585 3127 conte
605 3079 742 3128 Platonem
762 3077 889 3127 imitatur.
914 3079 981 3129 llicit
1002 3081 1106 3130 Boetius
1119 3080 1220 3130 animas
1240 3080 1357 3144 vitasque

183 3155 306 3214 minores,
320 3157 466 3219 plantarum
476 3157 577 3207 scilicet
587 3163 613 3207 et
624 3157 785 3216 animalium,
799 3158 884 3206 causis
895 3160 1021 3220 paribusa
1033 3160 1087 3208 Deo
1100 3164 1243 3223 provectas,
1257 3159 1356 3209 levibus

183 3233 311 3295 curriBus,
330 3233 380 3282 hoc
402 3239 442 3284 est
462 3235 622 3299 corporibus,
636 3242 744 3299 aptatas
761 3236 791 3286 ad
810 3236 906 3286 coelum
927 3252 1076 3296 conversas.
1099 3238 1160 3303 igne
1180 3239 1281 3295 reduci.
1296 3239 1355 3304 lege

181 3312 295 3378 benigna
307 3314 411 3363 reverti.
433 3313 478 3364 Sui
491 3317 615 3378 temporis
635 3316 769 3380 hiologicoe
782 3317 898 3366 scientiae
917 3318 1012 3381 placito
1034 3319 1069 3367 ita
1083 3318 1161 3367 tradit
1178 3319 1208 3368 D.
1221 3317 1334 3367 Thomas
1348 3334 1353 3367 :

184 3410 194 3437 r
211 3394 240 3442 ln
258 3393 381 3442 universo
400 3398 439 3444 est
453 3395 584 3458 duplicem
604 3402 724 3446 naturam
739 3398 920 3461 considerare,
936 3400 1036 3449 scilieet
1046 3405 1166 3448 naturam
1188 3400 1354 3463 sempiternae

181 3476 378 3539 permanentiae,
391 3491 448 3540 quae
461 3484 501 3527 est
514 3480 627 3529 maxime
640 3481 667 3529 in
688 3482 839 3530 substantiis
853 3481 992 3544 separatis,
1006 3484 1032 3528 et
1042 3483 1164 3527 naturam
1177 3477 1355 3540 generabilem

181 3561 206 3605 et
217 3557 423 3619 corruptibilem,
436 3573 494 3621 quae
507 3564 547 3608 est.
569 3558 596 3607 in
619 3560 783 3609 interioribus
805 3563 966 3626 corporibus.
982 3561 1094 3622 Corpora
1108 3564 1196 3608 autem
1218 3558 1352 3615 ooelestia.

180 3646 240 3682 cum
254 3632 306 3682 sint
317 3634 412 3696 media,
425 3640 536 3700 utroque
548 3637 694 3701 aliqualiter
704 3639 858 3702 participant
871 3641 1016 3691 secundum
1028 3639 1091 3687 duos
1104 3641 1198 3686 motus.
1212 3637 1280 3686 Nam
1297 3637 1352 3699 pri-

180 3727 239 3762 mus
251 3718 345 3773 metue,
359 3714 403 3777 qui
416 3720 455 3765 est
466 3716 584 3776 diurnus,
598 3723 639 3767 est
651 3732 726 3767 causa
737 3719 904 3782 sempiternae
916 3717 1059 3769 durationis
1072 3718 1097 3766 in
1110 3717 1204 3780 rebus;
1218 3717 1353 3766 secundus

179 3797 271 3842 nectens
288 3799 387 3853 motus,
400 3794 444 3857 qni
456 3800 495 3844 est
507 3796 534 3844 in
547 3797 644 3846 circulo
657 3797 770 3860 obliquo,
790 3799 822 3847 ab
835 3798 976 3848 Occidente
992 3797 1017 3846 in
1032 3797 1168 3847 Orientem
1183 3833 1189 3856 ‚
1209 3801 1249 3846 est
1268 3803 1353 3845 censo

177 3873 361 3934 permotionis
372 3880 397 3924 et
409 3877 590 3938 corruptionis
601 3883 626 3926 et
638 3878 759 3926 atterunt
772 3879 1034 3928 transmutationem
1044 3915 1050 3938 ,
1070 3882 1099 3926 ut
1110 3881 1181 3940 patet
1199 3891 1246 3939 per
1259 3876 1354 3926 Philo-

179 3950 290 4013 sophum
304 3952 332 4003 in
345 3953 369 4003 ll
381 3955 414 4003 de
428 3954 491 4007 Gen.
504 3960 530 4004 et
542 3961 662 4018 eorrttpt.
675 3956 718 4009 tue
731 3957 812 4015 Grato,
825 3957 870 4007 lib.
885 3958 918 4019 ll,
932 3959 992 4007 lect.
1007 3957 1054 4021 15).

213 4037 225 4069 ¹
247 4049 260 4083 e
275 4036 370 4096 Quare,
383 4037 419 4086 ait
430 4037 536 4087 Boetius
548 4038 664 4101 (consol,
679 4040 708 4100 V,
721 4039 754 4102 5),
770 4040 796 4089 in
808 4040 878 4090 illius
893 4053 1003 4090 summae
1023 4037 1205 4102 intelligentiae
1217 4051 1352 4094 cacumen,

178 4116 203 4165 si
211 4128 367 4178 possumus,
381 4117 530 4182 erigamur3
556 4120 610 4169 illic
622 4119 693 4168 enim
706 4119 772 4168 ratio
785 4120 882 4170 ridebit
894 4121 962 4183 quod
976 4119 1041 4167 inse
1058 4131 1111 4165 non
1123 4121 1209 4178 potest
1220 4116 1323 4165 intueri.
1341 4133 1351 4160 o

81 4241 85 4247 .
180 4196 248 4245 Deus
260 4201 300 4246 est
312 4197 382 4247 enim
396 4198 451 4247 lons
464 4201 549 4248 omnis
561 4201 631 4258 boni,
646 4200 742 4263 quippe
755 4205 795 4249 est
809 4218 818 4246 e
834 4214 967 4249 sommum
981 4197 1098 4245 omnium
1113 4195 1255 4253 bonorum,
1269 4208 1351 4242 runc-

179 4277 256 4336 taque
271 4274 338 4324 intra
350 4291 378 4325 sc
390 4276 458 4326 hona
470 4277 606 4326 continens
619 4277 733 4340 (Gortsol.
750 4278 783 4336 ll,
796 4278 827 4339 B).
845 4295 854 4322 n

214 4354 224 4384 ³
246 4353 303 4416 lpse
325 4355 393 4404 Deus
411 4356 455 4405 lox
477 4361 516 4406 est
539 4361 564 4406 et
585 4356 715 4406 illuminat
739 4361 842 4406 mentes
864 4355 1000 4404 hominurn
1014 4354 1113 4418 (doun,
1137 4366 1155 4414 r,
1171 4353 1213 4415 9);
1238 4369 1248 4399 r
1271 4353 1352 4415 ipsius

178 4436 363 4498 contemplatio
375 4442 457 4499 tanta,
470 4452 520 4501 qua
533 4443 659 4487 creaturae
672 4438 703 4486 ad
717 4443 862 4486 creatorem
878 4436 933 4484 lieri
947 4437 1041 4498 potest,
1055 4437 1093 4482 est
1106 4445 1208 4481 summa
1220 4431 1352 4481 beatitudo

177 4495 226 4566 (De
238 4516 304 4566 Fide
314 4519 434 4584 cathol).
453 4536 462 4565 n
482 4519 557 4568 Hunc
570 4517 655 4568 solum
670 4534 678 4563 r
695 4528 786 4565 verum
800 4514 882 4578 possis
894 4515 981 4564 dicere
996 4514 1078 4563 solem
1090 4510 1191 4572 (Cous,
1204 4524 1230 4569 r,
1242 4515 1304 4562 met.
1317 4511 1351 4575 2).
