3240 5468
750 421 925 490 ..52-

253 613 290 688 in
305 613 500 690 Aristotelis
516 612 711 714 categorias
730 620 992 689 commentatus
1007 619 1072 710 est,
1098 621 1169 687 tarn
1186 621 1279 691 reete
1296 637 1340 691 ao
1364 616 1433 692 di-

252 743 399 845 ligenter
426 746 655 847 praescribere
678 745 794 847 potuit
821 745 961 845 regulas
989 745 1034 822 de
1058 754 1221 822 accurata
1244 747 1433 846 praediea-

251 876 348 956 tione
366 877 559 956 divinitatis
574 904 616 956 ao
632 878 822 958 Trinitatis.

302 1011 459 1088 Libellus
491 1013 667 1104 Quomodo
696 1011 893 1088 substantio
922 1009 1120 1088 doctrinam
1150 1010 1194 1088 de
1226 1012 1428 1114 participa-

250 1144 346 1221 tione
370 1153 656 1222 creaturaruma
681 1146 936 1222 summobono
955 1143 1117 1222 eamdem
1141 1169 1287 1246 prorsus
1310 1170 1356 1223 ae
1384 1147 1425 1224 in

246 1279 331 1353 ΙΙΙ0
348 1273 601 1355 Consolationis
622 1279 820 1381 exponitur,
839 1278 956 1355 tradit.

300 1413 340 1487 In
357 1413 533 1513 opusculo
552 1415 593 1489 de
612 1414 700 1489 Fide
719 1413 902 1506 collobio,
919 1412 1016 1513 quod
1032 1413 1127 1490 velut
1141 1412 1241 1515 pium
1260 1413 1305 1491 ad
1321 1413 1424 1493 filios

246 1544 359 1621 Boetii
391 1553 641 1623 testamentum
669 1545 822 1623 aestimat
852 1545 1080 1623 Schi'rndelen
1104 1542 1131 1642 ¹,
1162 1545 1300 1646 singula
1328 1547 1421 1626 fidei

245 1677 447 1754 christianae
471 1679 637 1780 dogmata
662 1686 735 1756 tam
760 1687 923 1757 accurate
945 1678 1211 1776 describuntur,
1237 1686 1309 1755 tota
1331 1679 1422 1757 reli-

244 1810 359 1910 gionis
378 1811 523 1889 historia
550 1819 623 1891 tam
648 1812 833 1912 diligenter
853 1812 1000 1909 texitur,
1032 1820 1068 1888 ut
1097 1811 1230 1888 nemini
1260 1811 1418 1890 dubium

242 1943 401 2021 incurrat
415 1945 502 2047 quin
516 1946 584 2023 hoo
599 1947 829 2048 opuseulum,
850 1946 941 2024 siunt
959 1953 1102 2047 caetera,
1125 1945 1168 2021 ab
1193 1944 1416 2023 amicissimo

242 2079 379 2157 loanne
406 2079 556 2157 diacono
580 2089 781 2157 correctum
805 2079 923 2156 inerit.
951 2081 1001 2156 De
1025 2079 1211 2179 pelagiana
1231 2079 1358 2156 haeresi
1379 2089 1416 2157 et

218 2211 285 2288 de
300 2211 430 2313 Pelagii
455 2212 599 2290 nomine
623 2213 726 2314 quasi
751 2212 795 2290 de
818 2214 924 2289 rebus
948 2212 1021 2289 fere
1042 2215 1117 2313 jam
1137 2212 1260 2288 Romae
1279 2211 1413 2312 ignotis

238 2343 397 2445 loquitur
412 2355 545 2424 auctor.
572 2347 736 2448 Pelagius
755 2346 945 2422 damnatus
964 2345 1079 2422 iuerat
1098 2345 1135 2420 in
1151 2343 1300 2435 concilio
1321 2346 1412 2421 Car-

239 2478 455 2576 thaginiensi
479 2503 572 2556 anno
596 2475 687 2556 418.
711 2483 811 2555 luno
838 2487 957 2555 autem
982 2472 1077 2572 aab,
1098 2485 1258 2579 tempore
1274 2477 1412 2556 scilieet

238 2608 375 2686 concilii
391 2611 611 2704 trausicani,
627 2610 781 2688 totaliter
795 2613 964 2688 exstincto
981 2619 1056 2686 erut
1076 2609 1259 2709 pelagiana
1275 2609 1410 2710 proles.

237 2740 373 2818 illudit
388 2743 496 2820 etiam'
514 2744 572 2820 hic
591 2745 680 2820 liber
700 2744 744 2820 ad
764 2743 1046 2820 Sabelliuuorum
1068 2742 1248 2839 haeresim,
1270 2742 1315 2818 de
1333 2767 1410 2844 qua

235 2899 256 2951 a
282 2875 397 2954 Leone
422 2879 549 2978 Magno
578 2876 624 2975 ad
654 2877 853 2953 Turribiuur
884 2874 1148 2952 Asturioensem
1175 2874 1406 2978 episcopum,

234 3031 328 3084 anno
355 3003 449 3107 447,
479 3009 692 3112 percelebris
716 3009 866 3111 epistola
889 3005 903 3048 ²
928 3008 1061 3086 directa
1083 3017 1152 3105 est,
1172 3031 1281 3109 qnam
1305 3020 1407 3089 certo

233 3149 381 3217 noverat
400 3152 524 3220 auctor
542 3142 622 3221 libri
637 3146 678 3219 de
691 3146 779 3220 Fide
795 3145 967 3220 catholico.

285 3273 431 3351 Librum
459 3278 500 3352 de
528 3277 701 3354 Triuitote
725 3285 911 3354 exaratum
936 3302 1013 3355 esse
1037 3277 1200 3356 aboatio
1220 3276 1403 3377 permulta

230 3406 490 3488 demonstrant.
514 3411 561 3486 lis
585 3435 664 3512 quae
688 3411 775 3487 dixit
795 3422 918 3489 auctor
937 3411 982 3488 de
1000 3409 1242 3499 accidentibus
1263 3420 1297 3488 et
1317 3415 1404 3490 snb·

1009 3620 1402 3637 m

238 3734 240 3738 '
260 3721 270 3758 ¹
295 3724 417 3788 Theoloy.
432 3723 552 3784 Literot„
566 3725 660 3788 Bono,
671 3741 732 3777 ann.
748 3727 819 3788 rato,
835 3740 859 3791 p.
872 3727 927 3776 811.

258 3807 271 3840 ⁸
292 3806 368 3869 Apud
381 3805 476 3865 Labbe,
490 3809 509 3855 t.
523 3805 568 3867 III,
584 3821 609 3869 p.
624 3806 693 3856 tart.
714 3823 725 3854 r
739 3806 825 3865 Quum
846 3804 927 3868 impie
944 3805 1057 3855 sentiant
1073 3804 1106 3855 de
1124 3803 1250 3855 Trinitate
1252 3841 1301 3869 .....
1314 3819 1400 3862 unam

225 3887 398 3950 eamdemque
418 3889 538 3936 asserunt
556 3899 614 3935 esse
628 3901 776 3949 personam,
796 3892 919 3949 tanquam
941 3885 1011 3935 idem
1021 3886 1108 3948 Deus,
1129 3899 1200 3936 nunc
1218 3885 1304 3950 Pater,
1323 3903 1399 3943 nunc

224 3964 313 4028 Filius,
326 3979 396 4014 nunc
408 3965 519 4029 Spiritus
530 3965 641 4016 Sanctus
652 3967 815 4028 nominatur;
828 3979 878 4013 nec
890 3964 954 4014 alins
966 3964 1001 4015 sit
1011 3966 1055 4029 qui
1068 3965 1166 4031 genuit,
1177 3966 1242 4016 alius
1256 3964 1300 4030 qui
1317 3968 1400 4032 geni·

223 4047 265 4094 tus
274 4049 321 4104 est,
336 4048 362 4095 et
374 4045 439 4095 alius
451 4044 495 4108 qui
507 4046 539 4096 dc
552 4051 661 4109 utroque
673 4047 809 4109 processit,
822 4045 868 4095 sed
879 4046 1029 4108 singularis
1042 4047 1134 4096 unitos
1145 4046 1176 4095 iu
1188 4046 1271 4096 tribus
1283 4047 1397 4109 quidem

221 4125 369 4186 vocabulis,
381 4125 490 4175 sednon
504 4125 531 4174 in
543 4125 627 4175 tribus
639 4125 672 4175 sit
683 4126 835 4188 accipienda
855 4125 982 4187 personis.
999 4125 1072 4185 Quod
1084 4125 1251 4188 blasphemiae
1264 4139 1347 4190 genus
1358 4125 1395 4177 de

220 4203 331 4254 Sabellii
342 4204 463 4267 opinione
473 4205 660 4267 scripserunt·
674 4205 817 4256 Audiamus
826 4218 896 4253 nunc
905 4210 1038 4254 auctorem
1049 4204 1108 4253 libri
1118 4205 1152 4253 de
1160 4203 1227 4254 Fide
1238 4204 1394 4253 catholicos:

223 4299 234 4329 r
250 4281 391 4334 Sabelliani
403 4296 504 4346 quoqne
516 4296 570 4332 non
583 4287 637 4332 tres
650 4282 792 4332 existentes
803 4295 942 4344 personas,
964 4283 1010 4333 sed
1025 4297 1105 4333 unam
1116 4284 1172 4334 ausi
1184 4289 1246 4334 sunt
1258 4282 1392 4335 affirmare

220 4363 343 4412 eumdem
362 4363 479 4412 dicentes
491 4362 596 4412 Patrem
615 4376 672 4412 esse
684 4361 729 4426 qui
743 4362 822 4411 Filius
833 4365 882 4421 est,
893 4362 1067 4426 eumdemque
1083 4362 1177 4412 Filium
1189 4363 1235 4428 qui
1248 4362 1326 4413 Pater
1339 4368 1390 4426 est,

219 4448 297 4507 atque
308 4443 433 4507 Spiritum
447 4443 573 4495 Sanctum
584 4443 708 4494 eumdem
720 4456 778 4493 esse
791 4441 835 4506 qui
846 4441 926 4493 Pater
940 4445 966 4493 et
978 4443 1057 4493 Filius
1069 4446 1118 4506 est,
1132 4457 1163 4494 ac
1174 4457 1221 4508 per
1232 4442 1282 4494 hoc
1300 4456 1390 4494 uuam

216 4523 313 4573 dicunt
323 4537 381 4575 ease
388 4536 536 4587 personam
549 4524 597 4573 sub
609 4523 802 4573 uocabulorum
813 4523 967 4574 diuersitate
979 4522 1116 4587 signatam.
1131 4540 1142 4570 ι
