3240 5468
549 835 843 962 succuba
885 834 1053 925 ‚enas

263 1167 265 1172 ’
349 1179 438 1248 ΒΕ
487 1179 746 1252 ΒΟΕΤΙΟ
796 1183 1256 1259 ΡΗΙῑ-ΟΒΟΡΗΟ

267 1869 509 1947 Christianum
541 1869 795 1972 philosophum
821 1870 1013 1948 definimus
1038 1894 1122 1947 eum
1145 1871 1208 1970 qui
1236 1870 1384 1950 rationis

214 1990 381 2080 humanae
406 2003 504 2102 jura,
538 2026 646 2079 usum
675 2011 711 2080 et
742 2004 851 2081 finem
883 2003 931 2079 ita
964 2010 1173 2104 pertractat,
1214 2010 1253 2082 ut
1283 2006 1383 2105 justa

213 2135 372 2213 scientiae
382 2135 707 2236 serveturlibertas,
719 2135 780 2213 sed
791 2136 898 2213 etiam
909 2136 1093 2214 certillnes
1104 2136 1380 2219 constituantur.

214 2271 363 2346 Exstant
387 2267 483 2345 enim
505 2293 590 2345 vera
614 2277 649 2345 et
671 2269 885 2346 inconcussa
908 2269 1161 2371 philosophicae
1185 2270 1381 2372 disciplinae

210 2403 303 2503 jura,
320 2400 497 2503 principia
518 2409 553 2478 el
572 2401 762 2478 methodus
783 2427 864 2502 quae
891 2425 912 2478 a
935 2402 1136 2504 principiis,
1159 2404 1327 2481 methodo
1346 2414 1382 2482 et

210 2534 283 2612 fine
320 2533 505 2635 theologiae
538 2535 706 2612 distincta
742 2544 908 2631 manent,
948 2535 1091 2614 cuilibet
1123 2542 1243 2614 autem
1272 2536 1381 2637 paulo

213 2666 383 2745 attentius
398 2668 529 2745 mentis
543 2669 711 2746 humanae
723 2677 890 2746 naturam
901 2668 1143 2748 consideranti
1158 2670 1239 2747 luce
1250 2668 1379 2747 clarius

213 2808 364 2903 apparet
387 2801 564 2879 rationem
588 2811 749 2879 nostram
783 2804 888 2880 certis
910 2802 1085 2879 limitibus
1118 2802 1309 2899 contineri,
1344 2801 1381 2879 id

211 2944 266 3015 est
293 2937 433 3014 finitam
457 2961 535 3014 esse
565 2944 599 3014 et
624 2937 731 3039 primi
760 2935 959 3013 intellectus
983 2938 1063 3037 jura
1090 2943 1187 3012 sarta
1216 2943 1380 3036 tectaque

213 3094 361 3171 prorsus
385 3093 581 3148 remanere.
605 3072 696 3148 Vera
715 3068 821 3170 igitur
841 3092 1000 3170 sanaque
1019 3068 1246 3171 philosophia
1264 3070 1379 3146 Deum

212 3211 251 3280 ut
269 3226 480 3304 supremum
498 3202 689 3280 Dominum
711 3201 860 3280 rationis
879 3201 987 3279 simul
1007 3209 1041 3279 et
1056 3200 1284 3280 revelationis
1298 3225 1381 3280 auc·

211 3346 325 3416 torem
345 3360 538 3437 agnoscere
553 3359 626 3413 non
641 3336 790 3432 dubitat,
808 3344 848 3411 ut
870 3335 915 3410 ab
941 3335 1039 3412 omni
1063 3334 1193 3412 erroris
1218 3334 1379 3435 periculo

210 3469 370 3548 securius
398 3476 432 3547 et
455 3468 595 3547 facilius
622 3468 810 3565 liberetur,
840 3474 947 3567 atque
970 3467 1008 3544 in
1036 3467 1110 3544 suis
1134 3467 1379 3568 investigatio-

208 3605 313 3683 nibus
327 3602 516 3703 benignius
532 3602 732 3701 adjuretur.

261 3739 362 3815 Hanc
390 3736 551 3838 profecto
587 3734 850 3811 nobilissimam
878 3758 971 3812 verae
1005 3733 1188 3836 sapientiae
1221 3712 1377 3814 sormam

209 3852 375 3949 ardenter
399 3867 579 3946 adamavit
595 3867 817 3967 excoluitque
834 3867 990 3966 Boetius,
1012 3860 1100 3972 dum
1129 3867 1377 3971 supradictum

208 4003 358 4082 rationis
377 4003 545 4080 humanae
566 4001 713 4100 fontem,
735 4025 840 4079 usum
860 4025 903 4080 ac
924 4002 1037 4081 finem
1059 4002 1240 4105 professus
1264 4011 1318 4081 est
1341 4011 1377 4082 et

207 4137 245 4214 in
275 4136 350 4214 suis
378 4134 521 4238 scriptis
550 4135 829 4234 demonstrarit3
859 4134 948 4219 dum
976 4133 1074 4213 nulla
1103 4159 1263 4236 unquam
1290 4138 1375 4215 fidei

207 4271 411 4351 christianae
426 4269 650 4350 adversantia
665 4269 795 4372 placita
811 4270 963 4349 scienter
981 4293 1023 4348 ac
1042 4269 1277 4373 pertenaciter
1296 4271 1376 4349 reti-

207 4404 305 4500 nuit,
330 4405 418 4481 dum
432 4412 555 4482 contra
574 4404 772 4505 permultas
787 4429 871 4482 cum
889 4401 961 4481 lide
979 4402 1172 4482 christiana
1189 4402 1375 4504 aptissime

206 4539 425 4628 coherentes
438 4537 617 4641 veritates,
632 4538 830 4651 diligenter,
845 4536 1051 4649 luculenter,
1063 4545 1098 4618 et
1116 4539 1316 4653 domesticis,
1333 4545 1373 4626 ut
