3278 5474
726 386 904 465 47...

232 587 434 664 Cassiodori
455 585 626 688 epistolas
640 574 666 686 ¹,
683 595 721 663 'et
749 585 796 662 ad
825 585 976 664 Ennodii
1002 587 1206 666 Paraenosin
1229 587 1397 665 didasca-

229 719 364 800 licum²
382 720 588 818 attenditur,
605 720 789 799 referenda
805 728 859 797 est
873 720 983 797 Boetii
998 721 1212 798 incenatum
1228 704 1399 800 admissio

232 855 277 932 ad
296 878 432 933 annum
453 847 542 931 496.
563 854 629 930 Hic
650 863 845 932 conventus
872 878 981 954 quem
1002 861 1086 931 tunc
1106 836 1282 955 temporis⁴
1300 881 1400 932 nun-

232 1001 339 1091 cupat
362 986 605 1072 Theodoricus
623 1012 685 1065 rer
704 986 717 1029 ³
739 1022 755 1055 α
779 989 956 1088 gremium
972 989 1147 1066 libertatis
1171 1024 1202 1086 a,
1238 1024 1253 1058 a
1290 970 1401 1068 rena-

232 1122 387 1200 randum
412 1131 557 1219 coetum,
583 1159 597 1190 n
621 1156 636 1189 α
658 1146 799 1198 sacrum
815 1121 976 1198 ordinem
997 1156 1029 1218 a,
1046 1123 1160 1199 tribus
1176 1107 1417 1224 potissimum

234 1256 425 1335 distraetus
440 1266 516 1333 erat
531 1257 705 1358 partibus.
726 1258 803 1332 Una
823 1279 918 1357 pars,
930 1241 980 1332 =ad
998 1280 1107 1357 quam
1123 1259 1403 1335 accensebantur
1455 1325 1458 1331 .

234 1388 358 1491 Anicii,
384 1388 513 1468 veteris
537 1378 660 1466 Romae
680 1378 794 1466 laudis
818 1397 851 1465 ct
880 1388 1036 1489 antiquae
1058 1373 1232 1466 libertatis
1255 1414 1403 1489 memor,

236 1520 434 1603 Gothorum
455 1517 735 1601 dominationem
757 1523 934 1626 arianam,
963 1523 1059 1599 utin
1085 1522 1276 1600 catholicos
1302 1523 1399 1624 paci-

235 1656 351 1755 ficam,
374 1657 582 1758 tuebantur,
598 1657 680 1733 licet
696 1643 817 1734 tamen
833 1657 878 1732 ab
895 1646 1061 1734 orientali
1076 1658 1323 1736 Romanorum
1336 1659 1406 1735 im·-

235 1792 334 1893 perio
348 1792 472 1869 oculos
488 1815 560 1869 non
579 1799 792 1888 averterent,
803 1816 869 1870 nec
885 1815 967 1894 spes
978 1791 1104 1868 italicae
1120 1791 1293 1868 libertatis
1308 1817 1405 1869 recu-

238 1926 402 2029 parandae
412 1926 556 2030 penitus
568 1925 771 2027 abjicerent.
789 1926 873 2004 Ideo
885 1913 1078 2027 praesentes
1090 1925 1299 2003 orientalem
1313 1927 1406 2003 inter

232 2070 271 2136 et
285 2083 472 2139 romanam
489 2059 683 2138 Ecclesiam
696 2046 904 2155 discordias,
926 2061 971 2137 ab
988 2059 1174 2137 Anastasio
1188 2060 1405 2161 imperatore

236 2195 449 2295 eutychiano
470 2194 675 2294 concitatas,
698 2195 824 2274 sedare
848 2202 884 2272 at
907 2195 1113 2295 extinguere
1138 2192 1406 2272 adlaborabant.

237 2319 351 2429 Hujus
371 2328 483 2429 partis
503 2327 669 2431 princeps
692 2336 768 2405 arat
795 2329 923 2405 Festus
947 2328 1074 2427 Niger,
1099 2328 1157 2405 cui
1181 2327 1408 2405 adhaerebant

238 2455 485 2561 Symmachus,
510 2462 672 2559 Boetius,
699 2462 893 2559 Probinus,
922 2470 957 2538 et
983 2461 1076 2538 inter
1108 2462 1255 2538 clericos
1285 2462 1408 2540 forsan

237 2592 396 2672 Gelasius
411 2593 424 2634 ⁴
440 2619 545 2696 papa,
564 2597 718 2672 loannes
734 2581 898 2673 Ecclesiae
914 2581 1071 2673 romanae
1087 2595 1272 2691 diaconus,
1296 2603 1330 2672 et
1349 2583 1409 2674 ille

238 2728 345 2805 etiarn
376 2728 505 2804 Coelius
529 2729 762 2826 Laurentius,
792 2730 914 2828 quiet
945 2729 1146 2807 schismatis
1175 2738 1300 2806 auctor
1328 2729 1405 2806 fuit.

239 2860 599 2940 lliiinter‘senatores
615 2873 733 2962 partes
749 2850 945 2938 Gothorum
962 2862 1203 2962 sequebantur
1213 2885 1409 2961 eorumque

239 2997 276 3071 in
295 2996 437 3072 ltaliam
456 2994 691 3074 adventitium
715 2996 957 3097 principatum
977 2995 1142 3072 stabilem
1169 3021 1210 3072 ac
1236 3001 1409 3095 perpetuo

239 3127 452 3203 duraturum
475 3131 679 3229 sperabant.
701 3129 743 3204 Hi
765 3139 885 3205 antem
907 3137 1009 3204 erant
1030 3128 1084 3204 vel
1105 3129 1208 3205 Gothi
1228 3128 1281 3204 vel
1306 3151 1411 3228 pere-

239 3261 331 3360 grini
348 3261 556 3362 perplurimi
575 3286 667 3362 quos
684 3262 923 3338 Theodoricus
939 3263 984 3338 ad
1000 3262 1187 3365 patriciam
1202 3241 1410 3365 dignitatem

242 3383 460 3491 provexerat,
487 3402 526 3469 ut
559 3418 618 3470 eos
648 3394 910 3471 ardentioribus
949 3425 964 3457 α
999 3394 1170 3470 libertatis
1199 3417 1358 3470 romanae
1390 3428 1406 3460 a

241 3525 385 3604 asseclis
402 3525 504 3624 quasi
520 3525 742 3627 opponeret⁵
758 3527 818 3602 alii
834 3527 1007 3602 demuma
1022 3526 1173 3628 patricio
1189 3551 1316 3626 genere
1331 3528 1411 3623 orti,

275 3817 283 3850 Ι
309 3813 384 3875 Voce,
396 3815 442 3865 lib.
456 3815 489 3877 11,
504 3829 543 3880 ep.
558 3816 599 3867 Lx
611 3821 639 3866 et
650 3816 713 3867 [ΙΙΙ.
1392 3885 1396 3893 ἡ

274 3899 287 3934 ⁸
309 3914 319 3943 ι
332 3895 377 3946 Est
389 3895 493 3945 Boetius
505 3895 628 3959 patricius
640 3896 666 3945 in
678 3911 730 3961 quo
744 3899 786 3947 vix
797 3898 915 3948 discendi
935 3911 1018 3947 annos
1038 3897 1146 3962 respicis
1163 3897 1223 3962 (22),
1243 3903 1270 3948 et
1288 3898 1414 3965 intelligis

240 3976 378 4040 pueritiam
388 3975 508 4026 sulficere
515 3976 572 4039 jam
582 3977 708 4028 docendi:
721 3979 814 4042 dequo
826 3979 1024 4028 emendatorum
1032 3979 1159 4042 judicavit
1168 3978 1269 4029 electis.
1283 3997 1294 4025 r
1307 3979 1413 4043 (Migne,

240 4063 261 4106 t.
273 4057 363 4118 LXllI,
378 4057 427 4107 col.
440 4057 506 4120 254.)

275 4139 287 4172 ¹
308 4136 434 4197 Cassiod„
451 4136 524 4198 ναν,
543 4136 588 4188 lib.
606 4138 627 4200 l,
640 4153 683 4202 ep.
695 4138 767 4202 XLI,
785 4138 830 4188 lib.
845 4138 890 4200 ΙΙΙ,
910 4153 952 4203 ep.
963 4140 1004 4190 Vl.
1022 4166 1055 4175 ·-
1077 4158 1087 4185 ι
1105 4138 1236 4190 Praeterea
1256 4142 1373 4201 sumptas
1387 4137 1414 4188 in

240 4219 417 4268 adolescentia
429 4223 537 4282 negatas
549 4219 654 4269 senibus
665 4219 813 4284 dignitates.
830 4237 840 4264 a
852 4218 977 4283 (conset,
990 4218 1036 4270 lib.
1048 4219 1080 4282 ll,
1093 4234 1132 4283 pr.
1146 4218 1181 4282 3.)

274 4300 287 4334 ⁴
308 4298 347 4348 nd
360 4299 525 4348 Anastasium
546 4299 730 4362 imperatorem
746 4298 876 4348 scribebat
892 4297 1008 4347 Gelasius
1023 4311 1087 4360 papa
1100 4313 1106 4346 ι
1121 4313 1132 4342 a
1145 4296 1192 4357 Te,
1203 4295 1271 4345 sicut
1280 4294 1415 4345 Romanus

240 4383 326 4439 natus,
339 4378 517 4429 Romanorum
530 4378 675 4444 principem
687 4393 756 4441 amo,
772 4380 838 4441 colo,
851 4377 972 4441 suscipio.
988 4393 999 4426 a
1013 4377 1110 4442 (Epist.
1120 4376 1187 4436 VllI,
1201 4390 1242 4439 ap.
1256 4375 1363 4446 labbe.)

276 4460 288 4494 ὅ
311 4476 321 4505 ι
339 4460 456 4510 Delectat
475 4459 607 4525 peregrini
629 4459 754 4524 germinis
774 4459 842 4508 viros
863 4458 963 4523 gremio
984 4457 1111 4508 libertatis
1132 4457 1268 4522 inserere;
1290 4461 1320 4508 ut
1338 4452 1431 4508 variis

241 4538 391 4592 frondescat
404 4545 509 4592 senatus
520 4541 578 4591 aula
591 4540 737 4590 virtutibus.
754 4557 764 4587 a
778 4539 912 4604 (Cassiod,
929 4537 1003 4602 Van,
1014 4538 1058 4589 lib.
1070 4539 1116 4602 ΙΙΙ,
1131 4552 1174 4602 ep.
1188 4538 1243 4601 vl.)
