3240 5468
739 475 769 483 -
796 432 906 502 43..

234 634 269 703 et
283 625 388 702 laude
411 624 671 701 consonantia:
696 656 712 688 u
736 646 817 726 quae
840 647 921 700 cum
937 623 988 698 sis
1003 622 1089 717 avis,
1112 622 1299 723 atavisque
1318 636 1413 701 nata

237 795 252 857 a
283 758 506 856 consulibus,
530 765 565 833 et
588 756 723 835 deliciis
748 754 926 856 regalibus
950 756 1129 831 enutrita..
1149 756 1205 830 .¹«
1233 756 1283 832 De
1302 757 1411 836 Galla

232 878 352 969 antem
368 891 575 993 Symmachi
591 889 729 992 patricii
743 889 816 965 filia
834 889 920 966 dicit
939 922 948 966 ε
978 922 994 954 α
1021 890 1061 963 Et
1080 888 1161 966 licet
1186 913 1264 986 aro,
1286 902 1410 994 patre,

236 1060 252 1092 ι
284 1049 408 1103 socero
432 1022 650 1122 consulibus
670 1022 810 1123 pridem
834 1021 944 1100 fueris
968 1023 1062 1099 inter
1086 1022 1274 1101 saeculares
1295 1023 1410 1103 illus·

237 1191 252 1226 a
284 1159 401 1238 ltin...
421 1195 438 1229 a

228 1357 231 1362 .
286 1295 337 1369 Er
352 1293 419 1370 hac
437 1291 549 1371 Boetii
564 1291 831 1393 propinquitate
846 1314 929 1367 cum
944 1289 1067 1367 Anicio
1082 1291 1211 1392 Probo,
1227 1315 1309 1368 cum
1322 1293 1408 1392 ejus

232 1427 341 1502 ridua
367 1433 488 1503 sancta
512 1425 623 1522 Galla,
647 1449 728 1503 cum
751 1425 828 1525 ejus
853 1447 975 1501 sorore
999 1447 1101 1501 sacra
1120 1424 1254 1526 virgine
1270 1425 1404 1525 Proba,

233 1560 340 1664 plane
365 1558 528 1660 sequitur
551 1558 671 1660 ipsum
690 1557 924 1637 christianum
946 1556 1069 1657 fuisse,
1090 1582 1177 1635 nam
1200 1566 1284 1636 tunc
1303 1565 1406 1636 tem-

232 1693 342 1796 poris,
366 1692 490 1793 tamin
509 1692 588 1770 foro
612 1693 706 1770 civili
733 1716 840 1794 quarn
869 1693 906 1768 in
930 1693 1008 1771 foro
1028 1692 1203 1789 Ecclesiae,
1216 1694 1291 1794 Jam
1306 1702 1407 1773 veta·

231 1827 375 1926 bantur,
393 1825 442 1902 uti
458 1825 624 1922 dirimuS,
640 1849 801 1928 paganos
816 1825 908 1902 inter
928 1833 963 1903 et
982 1823 1193 1902 christianos
1208 1824 1403 1907 connubia

232 1959 284 2035 Ile
304 1967 432 2035 caetero
458 1958 581 2034 uraris
599 1983 673 2034 suae
694 1957 911 2034 Rusticiana>
935 1957 1077 2034 landem
1105 1967 1140 2034 et
1161 1956 1318 2057 insignes
1335 1957 1406 2037 vir·

232 2099 327 2169 tutes
349 2089 504 2169 celebrat
524 2090 678 2189 Boetius,
696 2091 781 2166 dum
805 2090 849 2167 de
864 2090 1060 2168 domestica
1085 2115 1150 2166 sua
1174 2089 1243 2167 vita
1263 2089 1312 2166 ita
1327 2090 1404 2168 dis-

232 2220 363 2303 serit':
384 2256 401 2292 σ
421 2225 598 2302 Proeterea
625 2224 784 2326 penetral
812 2223 986 2301 innocens
1014 2223 1164 2321 domus,
1192 2223 1404 2301 honestissi-

234 2395 249 2427 »
282 2381 423 2434 morum
440 2367 553 2435 ooetus
581 2358 799 2454 amicorum,
828 2381 928 2434 socer
947 2358 1056 2434 etiam
1076 2365 1223 2433 sanctus
1241 2366 1276 2433 et
1296 2381 1401 2457 aeque

235 2530 248 2561 »
281 2499 361 2568 actu
378 2492 457 2592 ipso
476 2492 691 2570 reverendus
706 2492 751 2567 ab
766 2491 863 2567 omni
880 2514 945 2568 nos
962 2491 1067 2600 bajus
1093 2490 1252 2568 criminis
1268 2490 1402 2587 (male.-

234 2660 248 2691 »
280 2623 368 2719 ficii)
384 2624 588 2723 suspicione
603 2623 811 2701 defendunt.
833 2658 850 2691 a
870 2626 912 2698 Et
928 2622 996 2699 alio
1013 2620 1139 2700 loco³z
1159 2655 1174 2690 e
1195 2623 1288 2700 Vivit
1308 2648 1401 2700 uxor

232 2795 248 2824 i
279 2754 423 2855 ingenio
448 2755 620 2851 modesta,
645 2754 831 2855 pudicitia,
858 2756 1008 2856 pudore,
1040 2756 1257 2856 praecellens,
1286 2765 1333 2852 at,
1360 2765 1400 2835 ut

219 2926 246 2991 Ι-»
276 2911 403 2967 omncs
431 2891 507 2991 eius
535 2888 638 2966 dotes
666 2889 821 2966 breviter
844 2888 1047 2986 includam,
1074 2889 1168 2991 patri
1190 2888 1345 2968 similis.
1377 2924 1394 2958 ι

217 3022 330 3101 ,Hunc
343 3032 495 3122 patrem,
521 3022 779 3123 Symmachum
801 3021 946 3120 scilicet,
976 3055 992 3087 α
1013 3021 1313 3126 pretiosissimum
1331 3022 1399 3101 hu-

218 3383 222 3388 ·
256 3360 267 3394 ¹
290 3357 378 3410 Exstat
388 3359 500 3410 Eunodii
511 3361 620 3424 epistola
632 3362 746 3412 adhunc
758 3362 873 3413 Probum
885 3361 995 3426 (Epist,
1007 3360 1051 3412 lib.
1061 3362 1126 3423 vul,
1140 3377 1181 3426 ep.
1192 3363 1301 3427 XXVII),
1314 3378 1397 3428 quam

221 3436 262 3488 his
275 3437 360 3490 verbis
374 3440 505 3491 concludit
524 3440 666 3505 Episcopus
677 3441 841 3492 Ticinensis:
865 3442 1004 3491 «Proinde
1021 3443 1078 3492 vale
1098 3457 1144 3506 per
1165 3444 1275 3507 gratiam
1296 3445 1356 3506 Dei,
1369 3453 1398 3499 et

222 3538 233 3567 ι
251 3520 367 3571 studium
378 3535 468 3572 meum
486 3523 631 3587 approbans
649 3528 782 3573 amantem
797 3524 834 3573 tui
848 3522 979 3587 amplifica
995 3522 1092 3572 muniis
1104 3523 1259 3574 litterarum.
1276 3541 1287 3570 ι
1305 3524 1398 3578 Exstat

218 3603 299 3657 otiam
310 3603 380 3654 inter
399 3609 571 3654 monumenta
591 3603 732 3654 christiana
753 3595 830 3667 hujus
850 3604 929 3654 Probi
948 3617 1061 3667 sequens
1077 3602 1238 3669 epitaphium
1250 3617 1302 3669 quc
1315 3605 1397 3672 mane

217 3682 301 3748 liquet
312 3683 398 3747 ipsum
411 3683 490 3735 luisse
502 3682 673 3734 christianum
686 3684 793 3749 (Migne,
807 3689 824 3735 t.
837 3682 927 3745 LXIII,
940 3684 990 3736 col.
1003 3683 1068 3750 128).

484 3772 536 3827 sper
547 3773 626 3828 muana
635 3772 693 3823 cleri,
703 3783 820 3828 manarum
830 3772 896 3827 gloria
909 3776 987 3826 patrum
998 3805 1003 3824 .

522 3845 599 3890 Sollers
610 3845 699 3899 ingenio.
714 3845 802 3890 carmine
812 3845 945 3899 doctiloquus.

482 3916 679 3969 maculantibus,
690 3917 780 3968 homilis,
790 3917 911 3967 moderatus,
920 3919 1022 3968 honum.

521 3987 644 4037 Commune,
657 3991 734 4043 matus,
744 3990 792 4042 plus
802 3989 891 4032 bonitate
900 3989 953 4042 pius.

482 4059 535 4102 Ante
546 4069 609 4101 aanor
617 4059 744 4113 animumqm
754 4070 827 4115 gerens
837 4060 901 4104 cutis
911 4061 968 4107 erite

522 4130 600 4174 clarior
610 4129 632 4173 in
645 4131 711 4184 patria
723 4131 828 4176 nobilitata
838 4132 923 4177 Probus.

479 4199 513 4245 Nil
525 4199 564 4244 tibi
576 4211 631 4245 mars
643 4201 728 4244 nocuit:
744 4212 789 4245 oum
802 4201 840 4245 bac
851 4203 901 4246 viris
912 4203 970 4248 lande
979 4195 1068 4259 marni,

519 4272 545 4316 nt
556 4270 631 4316 curisti
645 4271 667 4314 in
677 4282 740 4327 ragno
750 4271 797 4315 dum
808 4272 851 4318 rina
861 4274 901 4319 tius
913 4287 989 4320 maner.

479 4343 526 4388 ner
535 4343 573 4386 tint
583 4353 627 4398 que
639 4345 711 4396 carmi,
723 4353 764 4390 non
776 4348 1007 4401 matrimonialem

517 4416 558 4462 Pro
568 4416 646 4468 aanor
653 4416 705 4469 im
715 4420 746 4470 att
756 4417 946 4478 attundetur.

251 4493 264 4527 ¹
286 4490 403 4557 bonnac,
416 4491 461 4547 lib.
472 4494 492 4559 Ι,
503 4509 543 4560 pr.
553 4496 580 4554 l.

249 4572 261 4608 ⁸
282 4570 398 4637 conat„
413 4572 459 4627 lib.
472 4574 504 4638 ΙΙ,
517 4591 557 4640 pr.
570 4578 595 4632 4.
