3240 5468
717 373 894 444 -57..

221 566 420 667 exasperati
436 566 472 642 in
493 565 634 641 ludaeos
654 563 821 661 Romani,
838 585 918 662 qnae
932 570 1035 638 erant
1050 563 1172 638 Romae
1191 544 1389 664 synagogas

221 699 387 777 incendio
411 698 630 776 deleverunt.
658 698 748 772 Tum
765 695 970 772 ludaeorum
992 703 1111 796 partes
1125 695 1294 776 ardenter
1309 720 1389 773 am-

137 920 139 924 q
222 821 349 934 plenus
365 838 417 907 est
437 829 690 925 Theodoricus‚
707 828 752 904 ad
772 831 941 905 Senatum
958 828 1153 929 Epistolam
1167 829 1295 906 direxit
1316 853 1389 930 qua

222 965 374 1044 incendii
392 989 472 1042 reos
488 963 606 1064 puniri
624 962 748 1063 jussit,
770 968 804 1039 et
819 963 995 1062 quosdam
1010 962 1054 1037 de
1073 969 1199 1038 senatu
1219 971 1389 1062 tanquam

222 1098 365 1176 sceleris
379 1097 572 1199 participes
591 1095 723 1172 indicio
745 1095 966 1172 monstravit.
985 1097 1070 1182 Quae
1086 1094 1230 1194 quidem
1246 1119 1388 1172 resnou

224 1240 297 1310 tam
312 1231 427 1333 gravis
437 1223 608 1307 momenti
618 1228 704 1304 dam
716 1227 809 1304 civili
825 1227 1082 1329 disceptatione
1096 1251 1136 1303 ac
1151 1227 1274 1304 damni
1286 1249 1390 1329 repa-

223 1366 363 1442 ratione
377 1364 635 1458 contineretur,
657 1361 812 1437 maximo
827 1361 986 1461 pondere
1005 1369 1038 1437 et
1057 1360 1180 1437 dolore
1195 1361 1390 1438 catholicos

224 1497 421 1598 oppressit,
446 1497 714 1596 quamprimum
739 1494 830 1571 hanc
853 1494 890 1570 in
917 1494 1040 1571 odium
1064 1519 1137 1571 suae
1160 1493 1342 1594 religionis
1370 1517 1389 1568 a

225 1629 384 1730 principe
397 1630 577 1706 decretam
593 1627 849 1727 definitumque
865 1636 1054 1705 senserunt
1073 1625 1096 1703 ¹.
1171 1701 1173 1703 ,

277 1763 369 1840 Hinc
384 1763 558 1862 conjicere
576 1760 658 1838 licet
681 1761 891 1839 electionem
917 1762 963 1837 ad
988 1760 1212 1838 consulatum
1236 1761 1390 1839 duorum

224 1895 379 1970 filiorum
396 1894 518 1987 Boetii,
531 1917 626 1970 anno
642 1888 730 1989 dib,
742 1916 815 1969 non
829 1894 940 1971 fuisse
956 1894 1109 1971 alienam
1121 1893 1177 1970 his
1188 1894 1390 1971 animorum

224 2027 262 2104 in
270 2026 542 2129 regeminsense
557 2026 813 2126 dispositorum
827 2026 1022 2125 affectibus,
1038 2051 1121 2127 rege
1135 2026 1215 2128 ipso
1232 2028 1392 2106 Theodo-

224 2160 298 2238 rico
323 2160 516 2237 catholicos
541 2161 608 2236 hac
635 2161 671 2235 in
695 2161 861 2236 Raetiam
883 2168 919 2237 et
945 2161 1195 2261 Symmachum
1215 2161 1326 2262 gratia
1346 2161 1392 2236 ad

224 2318 347 2396 pacem
366 2303 591 2397 provocante.
609 2295 700 2372 Hinc
716 2295 823 2370 etiam
838 2294 1043 2395 intelligitur
1058 2318 1137 2392 our,
1153 2296 1291 2393 Romae,
1309 2321 1393 2372 cum

224 2429 473 2530 magistratum
483 2428 972 2530 acciperentSymmacbuset
983 2430 1127 2507 Boetius
1136 2429 1258 2530 junior
1268 2429 1393 2506 solem·

224 2567 332 2663 niter,
353 2561 495 2659 festive,
516 2571 550 2638 et
568 2563 707 2639 insueto
729 2587 876 2664 prorsus
898 2564 1019 2660 modo,
1041 2564 1116 2641 dies
1132 2564 1307 2641 celebrata
1324 2565 1391 2657 sit3

225 2695 1391 2799 quod,suggerantePbilosopbia,adposterostraditipseBoetiuS‚

221 2831 311 2910 ,dum
337 2830 422 2907 dicit
450 2830 487 2906 in
514 2825 782 2906 Consolatione:
816 2864 832 2896 «
864 2831 900 2907 Si
924 2831 1005 2931 quis
1035 2857 1155 2908 rerum
1185 2831 1393 2909 mortalium

229 2997 245 3030 n
273 2963 412 3040 fructus
430 2962 542 3040 ullum
557 2963 788 3041 beatitudinis
804 2964 945 3065 pondus
960 2965 1085 3064 babet,
1105 2965 1280 3067 poteritne
1295 2954 1393 3045 illins

229 3130 245 3164 ι
277 3094 451 3174 memoria
474 3096 582 3198 lucis,
602 3098 821 3198 quantalibet
844 3097 1086 3200 ingruentium
1104 3099 1282 3176 malorum
1301 3098 1394 3176 mole

230 3265 245 3298 ι
277 3230 414 3307 deleri?
445 3234 532 3306 Cum
561 3230 651 3308 duos
671 3233 804 3332 pariter
831 3234 995 3311 consules
1014 3234 1145 3311 liberos
1175 3240 1254 3311 tuos
1286 3233 1392 3310 domo

228 3397 245 3431 s
278 3363 435 3464 provehi,
458 3366 524 3440 sub
540 3363 743 3465 frequentia
761 3376 916 3466 patrum,
933 3369 999 3443 sub
1015 3367 1129 3469 plebis
1145 3366 1325 3443 alacritate
1340 3365 1395 3441 vi-

228 3530 244 3564 »
276 3495 371 3593 disti,
388 3520 468 3573 cum
485 3495 620 3573 eisdem
635 3497 786 3574 incuria
803 3498 944 3575 curules
959 3498 1208 3593 insidentibus,
1224 3506 1274 3597 tn,
1290 3495 1395 3596 regiae

228 3665 244 3696 ι
276 3628 393 3705 laudis
404 3636 534 3724 orator,
547 3629 680 3729 ingenii
696 3630 845 3730 gloriam
861 3630 1111 3732 facundiaeque
1126 3628 1298 3728 meruisti,
1313 3651 1395 3704 cum

229 3796 245 3830 n
276 3762 313 3839 in
332 3762 438 3860 circo,
462 3763 618 3840 duorum
634 3763 773 3840 medius
789 3765 999 3862 consulum,
1026 3763 1254 3842 circumfusae
1268 3760 1394 3838 multi-

229 3927 246 3964 »
280 3895 413 3973 tudinis
428 3899 711 3996 expectationem
732 3899 939 4000 triumphali
962 3900 1149 4002 largitione
1174 3899 1311 3976 satiasti
1324 3893 1349 3978 ².
1374 3931 1401 3966 »-

260 4240 269 4275 ¹
290 4237 363 4289 Hanc
383 4239 454 4304 vulgi
473 4240 622 4304 opinionem
640 4240 724 4304 aperit
741 4242 894 4306 Anonymus
905 4243 947 4294 his
965 4243 1071 4295 verbis:
1089 4261 1099 4290 ι
1114 4243 1151 4292 Ex
1163 4257 1194 4294 eo
1206 4243 1278 4293 enim
1295 4243 1396 4294 invenit

224 4318 343 4370 diabolus
354 4320 441 4372 locum
451 4322 671 4386 quemadmodum
683 4322 818 4373 bominem
836 4323 905 4374 bene
916 4323 1104 4388 rempublicam
1114 4324 1171 4374 sine
1182 4323 1289 4388 querela
1299 4322 1395 4388 guber·

224 4402 334 4450 nantem
344 4400 500 4467 subriperet.
515 4419 525 4447 ι

257 4479 270 4514 ’
289 4479 344 4532 Lib.
356 4480 390 4544 11,
404 4494 444 4546 pr.
458 4483 482 4534 3.
