3240 5468
649 403 826 477 ..17-

158 619 175 653 »
206 585 243 661 in
263 586 371 664 unius
395 589 481 665 anni
506 591 621 692 spatio
638 596 714 696 eJus
736 602 790 672 est
813 603 928 672 morte
952 595 1109 676 viduata.
1133 599 1219 685 Quae
1235 597 1321 674 dum

157 752 173 787 a
205 718 362 801 fervente
385 723 512 799 mundi
531 724 645 826 copia,
671 728 716 802 ad
731 701 934 804 iterandum
958 729 1160 806 thalamum
1179 737 1214 805 et
1236 753 1324 830 opes

157 886 173 921 a
205 861 240 930 et
254 863 341 932 oetas
355 867 535 959 vocarent,
551 859 655 959 elegit
670 861 785 961 magis
800 860 1044 964 spiritualibus
1063 861 1198 963 nuptiis
1213 885 1325 964 copu-

157 1019 172 1053 »
205 986 283 1085 lari,
310 989 347 1065 in
372 991 503 1090 quibus
527 992 665 1070 aluctu
689 994 872 1096 incipitur,
897 995 960 1072 sed
979 995 1024 1070 ad
1040 995 1168 1094 gaudia
1190 1004 1325 1074 aeterna

154 1156 171 1190 ι
189 1123 408 1237 *pervcnitur
425 1148 534 1227 quam
557 1127 758 1205 carnalibus
778 1128 914 1228 nuptiis
935 1127 1077 1229 subjici,
1094 1152 1175 1228 quae
1193 1152 1215 1206 a
1233 1127 1326 1206 laeti-

156 1287 174 1326 »
205 1256 253 1333 tia
268 1282 410 1360 semper
424 1259 612 1362 incipiunt,
634 1271 670 1339 et
683 1261 729 1339 ad
744 1237 856 1340 finem
871 1235 954 1340 curn
968 1261 1066 1340 luctu
1086 1261 1276 1342 tendunt¹.
1304 1294 1321 1330 n

103 1487 108 1497 ι
183 1391 259 1467 ld
277 1391 428 1470 illumin
445 1392 619 1470 laudabili
638 1396 821 1474 servandae
840 1394 1022 1474 viduitatis
1036 1394 1219 1498 proposito
1234 1418 1325 1474 con-

152 1525 369 1603 firmandam
379 1528 750 1629 sanctusFulgentrus
759 1553 949 1629 episcopus
959 1528 1005 1606 de
1016 1528 1156 1630 Ruspe
1147 1553 1183 1605 ιιι
1194 1527 1323 1626 Africa,

153 1659 325 1761 quitum,
350 1661 518 1738 saeviente
538 1661 786 1762 persecutione
809 1662 1061 1761 Vandalioa,
1051 1687 1091 1738 ru
1119 1641 1324 1740 Sardiniam

153 1792 358 1901 exsulabat,
387 1793 542 1871 multum
569 1794 801 1874 adlaboravit.
831 1795 944 1872 Testis
969 1795 1052 1872 est
1042 1820 1081 1871 rn
1109 1794 1235 1897 primis
1263 1794 1325 1870 illu

152 1896 368 2035 percelebris
394 1911 552 2029 Epistola
576 1929 806 2008 consolatorio
826 1929 871 2008 nd
896 1928 1032 2006 Gallam
1052 1951 1073 2005 a
1096 1937 1219 2007 sancto
1238 1926 1325 2005 Ful-

152 2059 272 2160 gentio
286 2059 432 2158 directa,
449 2086 531 2163 quae
545 2086 587 2141 er
602 2062 737 2141 intimis
752 2042 1144 2142 doctrinee'christianee
1155 2072 1323 2165 penetro-

150 2191 244 2269 libus
294 2193 504 2293 gravissima
541 2220 582 2273 ac
621 2197 835 2276 suavissima
872 2204 938 2300 pro
985 2204 1109 2274 sancta
1152 2195 1323 2275 viduitate

149 2335 330 2404 momenta
361 2329 541 2427 continet,
579 2353 761 2432 quamque
793 2329 850 2408 bis
877 2330 950 2410 fere
991 2329 1111 2409 verbis
1139 2328 1323 2408 concludit

151 2460 397 2538 sanctissimus
409 2463 543 2539 Praesul
560 2496 568 2542 :

71 2669 74 2673 ,
209 2594 475 2694 «Disponimus
494 2596 592 2672 enirn
619 2597 664 2674 ad
689 2622 849 2676 sororem
873 2606 985 2698 tuam,
1011 2612 1174 2676 sanctam
1190 2597 1321 2676 Christi

155 2763 172 2797 ι
203 2728 379 2829 virginem
404 2730 570 2828 Probam,
596 2754 708 2831 quam
732 2731 910 2808 Dominus
929 2732 997 2808 hoc
1012 2739 1173 2832 tempore
1195 2731 1321 2832 praeci-

156 2898 173 2932 »
205 2888 317 2966 puum
340 2865 378 2940 in
402 2865 492 2941 urbe
520 2865 635 2940 Roma
657 2864 743 2942 dare
767 2865 933 2964 dignatus
961 2871 1015 2941 est
1044 2863 1258 2964 virginitatis
1286 2871 1321 2940 et

156 3031 173 3067 e
204 2995 415 3075 humilitatis
435 2998 627 3098 exemplar,
648 2997 692 3075 de
707 2997 843 3099 jejunio
859 3004 893 3073 et
908 2997 1069 3074 oratione
1089 2995 1223 3098 aliquid
1238 2994 1322 3072 scri-

156 3165 172 3200 »
204 3129 327 3210 beret
356 3165 373 3199 a
400 3130 503 3218 Quod
527 3129 674 3231 quidem
698 3129 924 3232 propositum
948 3130 1136 3231 diligenter
1162 3128 1321 3231 implerit

152 3264 378 3366 Fulgentius,
408 3273 449 3340 ut
475 3271 625 3343 testatur
649 3264 720 3343 alia
743 3263 895 3366 epistola
918 3264 962 3341 dc
986 3263 1187 3364 virginitate
1212 3272 1322 3365 atque

152 3397 352 3474 bumilitate
367 3397 412 3473 ad
428 3397 583 3474 Probam
601 3397 786 3497 virginem.
803 3398 980 3485 Quaenam
993 3405 1114 3474 autem
1128 3395 1238 3473 fuerit
1252 3394 1320 3489 ista

151 3533 268 3609 Proba
288 3554 405 3631 'quam
432 3538 535 3610 vocat
557 3531 767 3631 Fulgentius
791 3555 944 3607 sororem
968 3530 1109 3609 Gallae?
1128 3529 1229 3608 Nulla
1251 3527 1321 3607 ulie

153 3663 221 3742 nisi
241 3665 355 3742 Anicii
378 3663 485 3742 Probi
509 3664 678 3765 consulis,
702 3688 796 3741 anno
820 3659 913 3762 513,
933 3662 1040 3740 Gallae
1059 3641 1179 3739 mariti
1208 3685 1321 3761 soror,

152 3823 226 3877 non
243 3808 367 3876 autem
382 3822 484 3876 soror
498 3822 679 3898 germano.
702 3787 921 3876 luculenter
936 3798 1032 3876 enim
1047 3795 1220 3874 discernit
1234 3795 1324 3873 Ful-

154 3932 296 4033 gentius
315 3932 408 4010 inter
433 3933 619 4032 utriusque
642 3932 785 4009 feminae
807 3943 929 4009 ortum
955 3955 996 4009 ec
1020 3931 1254 4034 parentelam.
1270 3929 1324 4005 td

154 4066 306 4143 Probam
326 4065 422 4144 enim
436 4065 545 4144 rerba
560 4065 681 4165 dirigit
695 4065 858 4167 apprime
867 4089 951 4142 cum
964 4064 1170 4142 Aniciorum
1180 4063 1326 4140 fortuna

188 4424 496 4489 tesmoegrtagn
464 4423 714 4488 Dialoo„i.‚clblll
700 4435 796 4474 c..x111
908 4391 910 4395 V
967 4440 971 4449 ·

188 4503 413 4558 ¹Addattamv
414 4503 558 4568 idldigne
569 4507 590 4554 t.
601 4502 674 4564 LXV,
687 4502 737 4555 col
749 4499 903 4553 errata.-
915 4499 997 4563 Ibi.,d
1012 4500 1061 4551 col.
1074 4498 1186 4553 tal-339.

1090 4678 1093 4686 ,
1166 4620 1184 4674 2
