3240 5468
747 412 925 483 „37-

230 691 235 707 s
250 601 336 696 sitae,
352 608 387 677 et
405 603 607 701 quicumque
622 601 724 676 etium
744 603 814 700 suto
829 597 1045 678 Aristotelem
1066 581 1306 682 adhaerebant.
1328 609 1415 685 Cum

248 740 366 808 autem
384 731 643 832 quinquevirali
662 732 807 832 judicic,
823 733 878 808 cui
890 743 1041 833 praeerat
1056 738 1295 836 Symmachus
1306 741 1416 839 patri·

247 864 335 962 cius,
356 864 427 941 duo
447 873 630 941 senatores
654 863 803 964 impetiti
828 865 983 941 absoluti
1007 867 1169 967 fuissent,
1193 868 1229 946 in
1252 872 1413 949 custodia

246 997 350 1097 positi
379 995 605 1096 aufugerunt.
633 998 711 1072 Uno
739 996 861 1098 elapso
886 1022 906 1074 e
929 999 1109 1097 manibus,
1135 1001 1235 1098 alter,
1259 1003 1413 1082 Basilius

245 1153 387 1228 nempe,
404 1152 423 1203 a
439 1127 571 1229 populo
587 1128 762 1204 concitato
781 1128 1051 1229 deprehensus,
1077 1133 1150 1233 igni
1169 1134 1320 1211 traditus
1344 1144 1409 1212 est.

244 1263 375 1336 Eorum
409 1260 502 1360 lagae
539 1259 794 1360 Symmachum
837 1263 1037 1340 connivisse
1075 1264 1178 1364 vulgo
1212 1266 1409 1364 jactabant.

243 1391 413 1491 Repetitis
428 1391 564 1469 vicibus
574 1393 697 1468 Romae
712 1399 836 1468 contra
850 1394 1068 1472 manichaeos
1085 1397 1246 1474 saevitum
1261 1405 1326 1495 est,
1342 1398 1408 1474 suh
1516 1465 1517 1468 a

241 1524 470 1626 pontificibus
497 1524 712 1625 Symmacho
739 1534 774 1600 et
796 1527 988 1604 Hormisda
1014 1523 1134 1624 (523).
1167 1531 1406 1630 Symmachus

240 1681 334 1761 papa
348 1682 409 1735 eos
425 1658 548 1734 Romae
563 1656 779 1757 pullulantes
805 1658 1042 1737 reformidans
1062 1661 1168 1762 jussit
1192 1662 1337 1763 inquiri,
1356 1666 1408 1740 ab

240 1793 334 1868 Urhe
350 1790 478 1892 expelli
493 1799 527 1867 et
543 1815 668 1867 eorum
684 1791 793 1868 libros
809 1792 1021 1893 codicesque
1032 1801 1113 1871 ante
1128 1793 1224 1872 fores
1238 1799 1407 1873 Constan-

241 1925 384 2002 tinianae
406 1923 564 2002 basilicae
587 1923 752 2001 incendio
775 1924 896 2002 deleri.
931 1908 1080 2002 nauem
1094 1926 1164 2028 egit
1192 1928 1404 2007 Hormisdas

238 2081 341 2159 papa.

289 2195 338 2269 Ex
354 2192 410 2268 his
425 2190 565 2269 indiciis
575 2190 769 2292 quamdam
780 2189 898 2269 lucem
908 2191 1096 2270 desumere
1107 2201 1161 2271 est
1174 2194 1220 2271 ad
1230 2197 1402 2274 absonam

235 2325 501 2406 accusationem
532 2325 570 2400 in
600 2324 764 2402 Boetium
799 2323 909 2401 latam
937 2325 1199 2403 illustrandam.
1232 2330 1329 2407 Lata
1349 2338 1403 2406 est

233 2461 330 2538 enim
346 2467 471 2536 contra
485 2457 647 2533 Boetium
660 2457 916 2534 Manichaeismi
931 2457 1162 2559 insimulatio,
1174 2468 1213 2536 ut
1224 2461 1401 2538 ridebitur

234 2591 343 2687 inira,
369 2599 404 2667 et
424 2591 559 2692 judicic
579 2590 842 2689 quinquevirali
857 2590 896 2666 in
917 2590 1060 2666 exilium
1084 2598 1185 2668 actus
1207 2601 1271 2669 est.
1297 2594 1400 2670 Unde

231 2734 350 2802 autem
365 2724 461 2801 istud
476 2724 612 2801 crimen
632 2723 668 2799 in
684 2723 846 2799 Boetium
864 2722 1037 2823 inciderit,
1059 2725 1130 2800 nisi
1149 2750 1192 2802 ex
1211 2728 1286 2826 ejus
1308 2727 1400 2803 circa

231 2858 427 2936 Aristotelis
452 2857 651 2933 doctrinam
675 2855 813 2952 studiis,
837 2880 878 2931 ac
892 2857 1014 2932 forsan
1037 2857 1144 2932 etiam
1171 2882 1213 2934 ex
1235 2860 1310 2958 ejus
1327 2882 1399 2935 non

230 2992 372 3094 penitus
397 2992 518 3092 ignota
540 2989 691 3088 fiducia,
722 2998 970 3066 romanamet
997 2987 1154 3068 italicam
1183 2990 1397 3090 libertatem,

232 3126 466 3203 Orientalium
481 3149 542 3224 cpe
558 3138 589 3200 et
613 3124 720 3198 cuuis
737 3121 994 3202 restituendam
1009 3146 1099 3199 esse.
1120 3121 1397 3200 Manichaeorum

229 3255 473 3358 dogmatibus'
493 3280 634 3357 semper
649 3254 832 3332 abhorruit
852 3254 995 3330 Boetius
1011 3261 1045 3330 et
1061 3277 1187 3332 eorum
1200 3279 1339 3333 errores
1359 3256 1396 3332 in

228 3415 294 3468 suo
314 3415 420 3491 opere
435 3393 475 3465 dc
493 3392 560 3490 fide
581 3388 744 3464 catholico
768 3387 930 3487 apprime
957 3387 1146 3464 denuntiat
1170 3389 1227 3465 his
1248 3389 1393 3468 verbis:

230 3559 244 3591 a
278 3523 460 3600 Manichaei
476 3546 620 3622 quoque
634 3520 697 3620 qui
716 3517 787 3596 duo
803 3518 981 3619 principia
1005 3518 1070 3594 sihi
1086 3528 1261 3604 coaeterna
1278 3529 1312 3598 et
1327 3521 1394 3598 ad-‘

230 3692 244 3725 ι
277 3680 377 3734 versa
408 3654 640 3757 profitentur,
671 3650 893 3753 unigenitum
923 3651 986 3728 Dei
1015 3675 1194 3728 essenon
1227 3653 1392 3732 credunt

229 3827 244 3859 s
277 3791 468 3892 Indignum
479 3789 572 3866 enim
580 3788 752 3890 judicant,
770 3787 799 3864 si
815 3788 910 3864 Deus
925 3786 1057 3865 hahere
1073 3787 1202 3864 Filium
1218 3789 1390 3893 videatur,
1497 3822 1503 3829 ·

224 3958 242 3994 u
275 3925 362 4002 nihil
387 3924 486 4001 aliud
509 3923 702 4023 cogitantes
727 3920 796 3998 nisi
821 3920 1022 4021 carnaliter,
1039 3928 1077 3997 ut
1092 3922 1175 4021 quia
1191 3922 1266 4000 haec
1282 3948 1392 4024 gene-

227 4090 241 4122 »
274 4058 364 4135 ratic
400 4058 554 4134 ducrum
586 4080 777 4156 corporum
814 4055 1066 4132 commixtione
1104 4056 1286 4156 procedit,
1322 4056 1391 4132 illis

257 4377 265 4410 ¹
288 4373 490 4424 Manichaeorum
500 4387 602 4424 errores
609 4373 665 4437 jam
678 4372 780 4437 publice
792 4373 1009 4422 condemnaverat
1020 4372 1090 4436 Papa
1101 4373 1152 4423 Leo
1164 4384 1275 4438 magnus
1288 4377 1315 4422 et
1328 4373 1388 4436 plu·

222 4456 293 4506 ribus
314 4455 491 4518 sermonihuS‚
513 4467 628 4504 romanae
650 4453 773 4504 Ecclesiae
795 4453 914 4505 fidelihus
933 4452 1142 4502 denunciaverat.
1155 4451 1193 4502 cf.
1213 4450 1296 4501 Serm.
1315 4450 1339 4512 l,
1353 4452 1387 4502 de

221 4534 342 4595 Collect.;
360 4533 444 4587 Serm.
457 4534 482 4598 l,
493 4535 521 4586 in
533 4533 679 4601 Quadrag.;
697 4534 782 4586 Serra.
799 4534 823 4596 7,
836 4533 865 4583 in
880 4532 965 4584 Natis.
977 4531 1090 4584 Domini.
