3240 5468
706 468 897 537 -ldd—

377 652 410 713 ln
427 659 454 713 te
469 650 643 731 conspicuos
659 650 748 712 animi
763 650 892 730 defigere
907 652 994 714 risus.

377 746 484 827 Disjice
499 754 625 811 terrenae
640 749 763 812 nebulas
777 758 805 812 et
820 751 951 831 pondera
965 752 1062 830 molis,

375 845 471 926 Atque
486 853 535 906 tuo
550 845 709 925 splendore
723 846 820 925 miea3
841 856 872 908 tu
887 865 1015 929 namque
1029 867 1189 926 screnum3

377 943 420 1005 'lu
435 942 553 1024 requies
564 944 721 1025 tranquilla
735 944 802 1025 piis,
820 953 848 1006 te
863 963 985 1007 cernere
1000 946 1079 1024 finis,

376 1040 568 1122 Principium,
586 1041 703 1119 Vector,
719 1041 796 1116 Dux,
812 1041 932 1116 Semita‚
952 1042 1108 1106 Terminus
1123 1045 1202 1108 idem
1219 1049 1244 1108 ¹.

270 1241 352 1315 llaeo
371 1253 547 1340 quantum
573 1241 742 1334 Platonis,
763 1240 969 1339 Aristotelis,
988 1242 1321 1342 neoplatonicorum
1347 1272 1387 1323 ac

191 1355 194 1360 ⁴
218 1371 411 1448 stoicorum
440 1373 584 1450 inventa
609 1385 644 1449 et
666 1372 795 1448 tradita
818 1382 987 1472 superent
1021 1373 1203 1451 advertere
1236 1378 1386 1453 omniuo

218 1501 455 1602 superfluum.
479 1503 614 1579 tdeant
636 1503 699 1604 qui
723 1502 888 1579 duhitant
907 1506 982 1583 haec
1006 1507 1207 1607 ponderosa
1230 1510 1275 1586 de
1297 1511 1383 1588 doc-

219 1633 311 1708 trina
330 1659 472 1710 morum
492 1635 684 1732 volumina,
701 1660 723 1711 a
743 1637 846 1712 Petro
864 1639 1073 1733 lombardo,
1089 1664 1111 1715 a
1126 1643 1165 1715 D.
1186 1644 1336 1738 Thomu,
1354 1655 1389 1719 et

217 1767 295 1843 aliis
314 1793 332 1844 e
354 1768 479 1845 Schola
500 1742 713 1869 conscripta,
734 1795 814 1868 quae
838 1771 1003 1846 eamdem
1027 1772 1138 1847 Boetii
1158 1743 1386 1863 methodum,

216 1901 341 1977 eadem
375 1901 564 2002 principia,
595 1902 739 1978 easdem
781 1902 1024 1998 definitiones
1067 1904 1230 1979 eamdem
1265 1931 1387 1981 rerum

217 2033 360 2129 seriem,
392 2034 537 2110 easdem
569 2035 723 2111 rationes
756 2034 964 2130 referentia,
999 2036 1042 2109 ad
1079 2047 1239 2136 posteros
1272 2062 1388 2137 usquc

216 2167 468 2242 venerabunda
487 2175 522 2243 et
537 2191 714 2266 nusquam
730 2182 897 2267 superata
915 2168 1143 2248 transierunt.

270 2299 389 2375 Liceat
405 2323 501 2375 nuno
516 2300 754 2376 summarium
770 2300 953 2399 quoddam
969 2301 1012 2376 de
1032 2301 1143 2377 Boetii
1161 2301 1389 2402 philosophia

216 2432 374 2533 proferre
394 2432 582 2531 judicium.
608 2433 812 2508 Doctrinam
834 2443 979 2532 rectam,
1000 2457 1137 2531 sanam,
1163 2432 1387 2533 elegantibus

214 2565 378 2642 versibus
407 2573 572 2641 ornatam
601 2565 745 2641 tradidit
771 2566 915 2641 Boetius
943 2568 987 2641 de
1016 2566 1255 2666 Philosophiae
1285 2568 1318 2642 vi
1347 2592 1387 2671 ac

217 2707 355 2793 natura,
378 2698 422 2773 de
446 2707 649 2774 nostrarum
670 2699 911 2798 cognitionum
937 2698 1085 2797 origiue,
1106 2698 1150 2773 de
1170 2699 1388 2800 cosmologia

216 2842 251 2908 et
268 2831 393 2908 ethica.
411 2833 503 2907 Eum
523 2832 569 2907 ad
588 2832 823 2932 gentilitatem
842 2831 1017 2930 pertinere
1034 2855 1104 2906 non
1121 2831 1277 2929 amplius
1292 2832 1389 2907 affir-

216 2987 314 3040 mare
333 2964 465 3040 audent
488 2964 694 3060 adversarii,
717 2965 837 3062 ipsum
864 2988 945 3040 vero
971 2973 1008 3037 ut
1033 2960 1262 3038 Eclecticouc³
1287 2964 1389 3039 exhi-

216 3098 311 3191 bent,
333 3098 395 3194 qni
420 3098 595 3197 optimum
618 3097 786 3196 quodque
805 3097 843 3170 in
864 3096 1089 3194 philosophia
1109 3119 1387 3195 graeco-romana

217 3254 384 3328 sparsum
410 3229 455 3303 ad
487 3253 552 3304 nos
584 3229 832 3305 transmiserit..
861 3233 988 3304 Annon
1017 3229 1052 3302 id
1082 3230 1203 3304 Boetio
1236 3254 1389 3305 summae

218 3362 316 3437 laudi
334 3376 498 3462 superest
514 3362 609 3461 quod
625 3385 787 3438 errorum
815 3371 973 3436 monstra
997 3361 1269 3459 devitaverit,'et
1299 3362 1390 3438 inter

217 3494 394 3594 platonica
409 3503 515 3594 atqua
531 3494 763 3596 peripatetica
781 3494 947 3592 dogmata
968 3503 1042 3567 tam
1062 3491 1229 3567 subtilem
1249 3516 1291 3568 ac
1305 3493 1391 3568 feli-

216 3652 295 3704 cem
313 3629 519 3706 electionem
543 3616 765 3705 instituerit?
785 3632 913 3702 Annon
933 3624 1046 3701 Boetii
1066 3625 1111 3700 oh
1131 3623 1253 3699 oculos
1274 3625 1390 3701 adsti-

217 3761 303 3836 tisse
319 3759 459 3838 ridetur
473 3760 557 3839 fidei
576 3761 780 3838 christiana
795 3758 929 3858 regula,
946 3784 1025 3859 quae
1045 3767 1217 3858 tanquam
1243 3757 1390 3836 frenum

218 3892 494 3992 cogitationibus
523 3894 733 3992 imponeret,
760 3904 795 3969 et
821 3919 842 3969 a
866 3901 962 3968 neoto
990 3891 1131 3967 tramite
1161 3893 1389 3992 aherrantem

219 4027 262 4102 ad
298 4027 456 4103 veritatis
487 4026 580 4102 vium
615 4008 827 4104 reduceret?
860 4029 961 4102 Certe
996 4024 1232 4100 christianum
1269 4023 1389 4098 virum

219 4161 364 4262 sapiunt
388 4185 468 4260 quae
493 4159 663 4236 disseruit
685 4159 828 4236 Boetius
851 4159 896 4235 de
916 4166 1066 4258 paterna
1090 4156 1149 4230 Dei
1176 4155 1214 4230 in
1238 4155 1389 4232 miseros

254 4485 263 4521 r

252 4567 264 4600 ¹
283 4484 525 4632 gigdiiiffl’pmss:
537 4565 572 4616 Es
585 4566 649 4616 hleit
664 4565 749 4628 dahei,
768 4565 827 4616 dass
847 4563 970 4614 Boethius
992 4561 1052 4612 lrein
1071 4559 1236 4610 christlicher
1251 4557 1369 4622 Theolog
1384 4593 1390 4618 ,

220 4645 332 4699 soudern
344 4645 387 4696 ein
398 4646 572 4698 eklehtischer
585 4646 732 4710 Philoroplr
744 4645 788 4699 ist.
