3240 5468
713 443 889 514 ..60-

219 646 381 713 senatum
417 633 612 735 maiestatis
652 657 753 710 reum
789 632 938 730 laceret,
977 630 1172 733 impedisse
1213 635 1387 711 crimina-

218 787 345 839 mur.»

271 895 344 969 Hac
359 891 476 991 prima
490 890 630 969 actione
648 889 814 993 Cypriani
832 889 971 967 videtur
985 888 1215 967 indamnatus
1234 891 1388 970 exivisse

218 1026 372 1104 Boetius.
392 1054 408 1088 r
426 1027 571 1126 Magnas
590 1033 712 1101 autem
727 1023 763 1098 in
783 1023 939 1124 seipsum
960 1032 1229 1101 exacervaverat
1247 1025 1389 1102 discor·

218 1159 295 1234 dias
316 1191 347 1232 ι.
368 1191 384 1223 α
406 1158 488 1234 Post
503 1156 588 1250 haec,
606 1156 654 1231 ait
670 1180 881 1257 anonymus,
902 1155 1008 1256 coepit
1025 1155 1195 1234 adversus
1214 1181 1388 1235 romanos

218 1293 291 1367 Rex
316 1290 465 1367 subinde
487 1290 649 1384 fremere,
669 1288 813 1366 inventa
837 1289 1061 1366 occasione...
1083 1289 1147 1366 sed
1169 1291 1244 1366 Rex
1261 1289 1389 1366 dolum

218 1424 379 1502 romanis
394 1423 603 1520 ten(d)ebat,
618 1430 653 1500 et
668 1423 848 1523 quaerebat
867 1421 1172 1522 quemadmodum
1192 1445 1253 1500 eos
1273 1423 1389 1500 inter-

220 1561 356 1656 ficeret,
376 1557 458 1659 plus
473 1557 622 1634 credidit
639 1556 740 1633 falsis
756 1557 904 1633 testibus
919 1578 1029 1656 quam
1049 1556 1283 1634 senatoribus.
1304 1592 1318 1625 n

275 1691 424 1800 Sceleris
448 1692 682 1768 instrumenta
711 1690 874 1790 quaesirit
897 1697 930 1766 et
958 1690 1090 1768 invenit
1118 1723 1134 1756 α
1168 1690 1388 1792 Cyprianum

218 1825 442 1902 haesitantem
460 1859 473 1892 r
492 1823 585 1900 inter
599 1823 752 1901 nefarios
766 1823 847 1899 illos
863 1823 956 1900 viros
969 1847 1124 1924 quorum
1143 1823 1335 1903 sceleribus
1353 1833 1390 1902 et

220 1958 377 2036 avaritiae
396 1983 472 2036 sese
487 1956 623 2033 fortiter
637 1964 853 2060 opposuerat
866 1957 1021 2033 Boetius.
1037 1956 1177 2033 Primus
1196 1964 1278 2033 ante
1298 1957 1389 2036 alios

220 2090 473 2190 adluitllpilio,
485 2088 781 2192 Cyprianifrater,
792 2090 852 2190 qui
865 2090 903 2166 in
912 2089 1388 2190 judioisoffioioexercendo‚

220 2249 302 2302 cum
327 2224 447 2324 ignoto
471 2223 629 2322 quodam
654 2222 828 2300 scelerum
847 2233 1012 2302 consorte
1028 2225 1238 2325 Gaudentio,
1255 2227 1390 2305 multas

220 2357 364 2458 rapinas
380 2355 550 2433 audacter
565 2364 844 2459 perpetraverat,
856 2372 963 2458 atque
978 2357 1015 2434 in
1030 2358 1175 2436 exilium
1190 2383 1211 2437 a
1228 2361 1391 2441 Theodo-

221 2492 295 2568 rico
306 2498 419 2584 actus,
434 2514 516 2566 cum
527 2498 691 2568 consorte
702 2490 911 2590 Gaudentio,
923 2492 1016 2568 intra
1027 2493 1215 2593 cujusdam
1232 2494 1391 2572 ecclesiae

222 2631 334 2724 septa,
360 2622 539 2725 Cypriane
557 2623 714 2720 favente,
734 2624 865 2702 asilum
884 2625 1138 2703 invenerat¹.«
1161 2627 1322 2728 Cumque
1337 2628 1390 2705 illi
1495 2645 1500 2657 ·

226 2792 241 2826 s
273 2780 398 2858 parere
414 2756 577 2862 nolentes
589 2782 773 2835 sacrarum
788 2784 865 2836 sese
881 2760 1010 2836 aedium
1027 2751 1235 2839 defensione
1250 2768 1393 2839 tueren-

226 2924 241 2959 υ
273 2900 343 2987 tur,
368 2898 664 2993 compertumque
689 2892 725 2968 id
750 2892 823 2993 regi
850 2891 952 2978 loret.
983 2893 1089 2971 edixit
1118 2927 1126 2971 :
1154 2894 1204 2970 uti
1230 2895 1266 2970 ni
1295 2895 1391 2972 intra

225 3060 240 3094 s
272 3025 519 3126 praescriptum
545 3025 642 3104 diem
666 3029 836 3104 Ravenna
858 3027 945 3104 urbe
971 3028 1193 3129 decederent,
1214 3039 1317 3106 notas
1332 3030 1390 3107 in·

225 3190 241 3223 v
272 3159 392 3259 signiti
420 3157 595 3234 frontibus
624 3156 861 3259 pellerentur²
892 3195 922 3235 a.
954 3162 1002 3238 lis
1034 3162 1073 3237 in
1097 3163 1269 3238 auxilium
1293 3164 1392 3239 venit

223 3290 374 3369 Basilius
403 3290 561 3390 quidam,
587 3317 605 3367 e
630 3292 721 3393 regis
749 3293 890 3371 servitio
915 3296 1000 3372 olim
1021 3295 1201 3396 depulsus,
1226 3297 1287 3397 qui
1311 3296 1392 3373 aeris

223 3424 330 3501 alieni
359 3422 570 3502 necessitate
607 3423 833 3526 compulsus,
868 3426 1034 3504 delatoris
1067 3435 1192 3505 contra
1228 3430 1393 3506 Boetium

223 3569 342 3658 partes
356 3557 514 3661 suscepit
525 3555 549 3633 ³.

275 3691 436 3769 Primum
460 3718 544 3792 ergo
569 3695 640 3771 duo
667 3694 813 3773 fuerunt
833 3697 1046 3798 aCypriano
1065 3697 1161 3776 illata
1181 3699 1303 3775 Boetio
1322 3699 1394 3776 cri·

224 3825 320 3900 mina
336 3857 345 3903 ε
361 3826 494 3900 crimen
513 3825 644 3904 scilicet
662 3827 810 3929 publicae
820 3827 1065 3930 proditionis⁴‚
1083 3837 1117 3906 et
1134 3829 1267 3909 crimen
1284 3832 1394 3910 male·

956 4038 1393 4058 Μ

258 4149 268 4185 ¹
291 4147 406 4211 Consol„
417 4148 463 4202 lib.
476 4149 497 4214 t,
509 4164 548 4215 pr.
561 4153 584 4202 t.

256 4230 270 4264 ⁸
290 4229 360 4280 [bid.

258 4312 271 4345 ⁸
288 4309 358 4362 lbtd.

258 4392 271 4426 ⁴
291 4408 301 4436 ι
319 4391 353 4441 At
366 4391 440 4457 cujus
452 4392 571 4444 criminis
581 4396 716 4461 arguimur
727 4410 858 4448 summam
877 4399 993 4463 quaeris?
1015 4399 1140 4450 Senatum
1160 4402 1272 4456 dicimur
1292 4406 1394 4457 salvum

225 4485 282 4520 esse
295 4471 411 4525 voluisse.
424 4489 438 4523 r
449 4500 480 4512 -
491 4491 502 4518 ι
513 4475 551 4525 De
562 4476 711 4538 compositis
720 4477 783 4527 falso
795 4478 889 4529 litteris
899 4479 993 4543 quibus
1005 4479 1150 4532 libertatem
1162 4497 1256 4550 arguor
1274 4501 1402 4550 sperasse-

225 4563 359 4601 ramanam
372 4554 434 4617 quid
445 4554 539 4605 attinet
550 4554 660 4605 diceret
673 4573 684 4602 ι
699 4553 787 4622 (mid.)
