3240 5468
701 423 876 495 ..37-

203 647 225 683 a
253 617 505 717 huncquoque
522 615 753 712 transcendit,
779 614 1006 716 speciemque
1021 616 1137 716 ipsam
1156 638 1238 716 quae
1252 616 1370 716 singa-⁴

204 779 228 823 a.
241 749 387 838 ,laribus
403 749 512 846 inest,
527 747 717 835 universali
736 748 1023 826 consideratione
1042 749 1240 849 perpendit.
1260 751 1373 852 lutet·

200 916 224 969 a
251 883 406 984 ligentiac
419 906 502 961 vere
521 881 649 960 celsior
664 881 789 960 oculus
808 881 937 958 existit.
959 883 1195 982 Supergressa
1214 906 1373 985 namqpe

204 1050 218 1084 ο
251 1016 492 1095 universi-tatis
516 1016 705 1115 ambitum,
730 1016 845 1116 ipsam
870 1015 968 1108 illam
995 1014 1196 1115 simplicem
1217 1017 1369 1116 sormam

171 1236 173 1240 g
201 1182 217 1216 n
250 1174 340 1253 pura
357 1150 486 1227 mentis
502 1150 577 1227 acie
593 1152 815 1227 contuetur¹.
833 1179 847 1213 r

141 1365 145 1371 ,
251 1285 328 1361 Nou
357 1282 518 1382 sequitur
545 1280 627 1359 inde
656 1282 929 1381 intelligentiam
953 1291 989 1358 et
1014 1281 1191 1360 rationem
1218 1282 1311 1361 iuter
1334 1310 1372 1362 se

197 1416 338 1495 realiter
366 1416 520 1491 differre.
551 1414 769 1514 Intelligere,
799 1415 837 1491 id
869 1423 922 1493 est
951 1415 1066 1517 prima
1099 1415 1371 1517 intelligibilium

198 1523 376 1650 principia
403 1572 444 1624 ac
473 1547 607 1647 primas
631 1546 868 1646 intelligibiles
890 1547 1141 1647 conceptiones
1170 1549 1369 1648 efformare,

196 1707 271 1759 nen
290 1681 523 1759 essentialiter
538 1680 655 1757 differt
675 1680 720 1756 ab
739 1681 807 1757 boc
823 1681 987 1758 discursu
1011 1681 1159 1759 rationis
1181 1683 1226 1760 ad
1247 1684 1372 1785 inqui-

195 1815 345 1891 rendam
372 1812 555 1889 veritatem
585 1811 820 1889 recesserint
852 1816 942 1888 Nam
966 1813 1074 1889 homo
1104 1823 1157 1890 cst
1184 1816 1370 1915 speciatim

195 1945 329 2023 animal
356 1946 541 2037 rationale,
569 1968 610 2022 ac
629 1945 707 2022 sine
725 1940 1146 2036 hocrationisdiscursu
1172 1948 1303 2025 sterilia
1336 1958 1371 2027 et

193 2080 385 2156 infecunda
414 2103 559 2180 prorsus
589 2087 709 2156 essent
741 2079 919 2182 principia
946 2103 988 2158 ac
1011 2080 1201 2181 dignitates
1221 2105 1302 2182 quae
1324 2082 1369 2158 ab

194 2212 375 2289 intellectu
392 2210 657 2313 concipiuntur.

251 2377 266 2410 α
297 2348 337 2422 In
361 2369 434 2445 quo
454 2345 545 2421 illud
565 2345 719 2422 maxime
738 2346 1040 2424 considerandum
1064 2356 1115 2425 est
1141 2349 1240 2449 quod
1266 2374 1370 2450 supe·

197 2516 212 2550 a
243 2477 314 2555 rior
328 2479 652 2580 comprehendendi
668 2480 720 2555 vis
736 2480 1176 2581 amplectiturinleriorem
1194 2515 1202 2560 :
1220 2482 1365 2559 inferior

195 2643 211 2677 r
244 2635 325 2688 vero
340 2611 387 2687 ad
404 2612 626 2712 superiorem
642 2613 741 2688 nullo
758 2615 863 2690 modo
879 2614 1061 2714 consurgit
1072 2613 1095 2693 ³.
1117 2655 1131 2687 a

244 2746 307 2821 Hae
322 2753 406 2822 sunt
420 2745 548 2822 animae
567 2754 698 2822 nostrae
713 2747 893 2847 potentiae,
911 2747 941 2823 is
956 2747 1047 2823 inter
1063 2749 1242 2848 potentias
1257 2753 1365 2829 natue

190 2878 389 2956 rolis'ordo.

247 3051 262 3085 a
293 3013 332 3088 ln
363 3013 572 3116 corporibus
605 3012 798 3090 sentiendis
831 3015 979 3113 objecta
1008 3012 1197 3113 qualitates
1222 3014 1361 3092 instro-

194 3181 208 3215 a
242 3156 359 3224 menta
390 3173 560 3225 sensuum
584 3148 784 3226 lorinsecus
808 3147 988 3248 afficiunt,
1016 3147 1199 3248 animique
1227 3148 1363 3250 agentis

94 3293 97 3299 ’
192 3315 207 3349 n
239 3281 397 3382 rigorem
413 3280 531 3383 passio
545 3282 705 3382 corporis
725 3275 936 3359 antecedat
956 3311 971 3346 ι

209 3436 212 3441 ·
239 3417 323 3491 Haec
344 3422 398 3491 est
412 3415 529 3516 prima
544 3414 720 3492 sensi-lirae
737 3413 947 3515 cognitionis
962 3413 1119 3491 conditio
1134 3421 1168 3490 et
1183 3415 1250 3511 lex,
1268 3417 1359 3493 actio

187 3545 320 3623 scilicet
347 3547 493 3647 objectae
515 3546 566 3625 rei
591 3547 626 3622 in
652 3568 827 3645 organum
846 3568 993 3640 sensus,·
1008 3545 1217 3644 hujusmodi
1239 3555 1359 3624 autem

219 3888 234 3947 ¹.
252 3886 398 3948 decantat„
410 3885 455 3938 lib.
467 3881 498 3949 V,
509 3901 547 3952 pr.
561 3887 584 3937 t.

216 3969 229 4002 ¹
249 3966 320 4018 Ibid.
334 3994 367 4015 -.
383 3966 445 4018 Haec
461 3967 492 4018 D.
505 3967 617 4017 Thomas
631 3983 638 4018 :
652 3983 663 4012 ι
677 3966 829 4030 Respondeo
846 3965 986 4016 dicendum
999 3965 1068 4030 qued
1086 3965 1151 4017 ratio
1167 3970 1194 4018 et
1209 3966 1357 4023 intellectus

183 4048 213 4099 in
231 4047 338 4099 bomine
351 4061 406 4099 non
424 4051 532 4110 possunt
551 4061 608 4097 esse
630 4048 739 4099 diversae
755 4047 877 4112 potentiae
896 4064 901 4099 :
919 4048 989 4113 quod
1002 4048 1138 4101 manifeste
1154 4052 1319 4119 cognoscitur
1333 4052 1355 4104 si

181 4118 316 4192 utriusque
328 4132 402 4178 actus
415 4127 603 4178 consideretur.
616 4129 767 4194 Intelligere
781 4130 853 4179 enim
865 4134 906 4180 est
916 4129 1069 4195 simpliciter
1078 4130 1216 4182 veritatem
1228 4131 1354 4198 intelligi·

182 4206 480 4272 hilemapprglpgpdere‚
492 4207 641 4271 ratiocinari
652 4212 741 4273 autem
758 4213 798 4259 est
811 4210 952 4275 proaedere
968 4211 1001 4261 de
1018 4224 1072 4261 uno
1088 4211 1220 4281 intellecto
1234 4213 1265 4261 ad
1283 4210 1353 4261 aliud

180 4288 214 4337 ad
223 4288 361 4339 variatam
374 4287 565 4352 intelligibilem
576 4288 824 4352 cognoscendam...
835 4290 914 4340 tlulto
926 4291 1009 4356 magis
1020 4305 1067 4355 per
1077 4291 1198 4342 eamdem
1210 4278 1353 4355 potentiam

181 4367 353 4434 intelligimus
365 4372 392 4419 et
402 4369 588 4422 ratiocinamur
600 4370 726 4436 (Summo
739 4371 850 4423 Theoti
864 4386 889 4438 p.
902 4385 946 4437 qu.
958 4383 1050 4434 uxum,
1062 4384 1086 4423 a.
1098 4370 1132 4435 8.)

216 4452 228 4484 ³
248 4448 363 4514 θῶκοι,
376 4449 407 4511 V,
419 4464 457 4514 pr.
471 4452 495 4503 t.
1184 4492 1187 4498 .
1230 4512 1233 4519 ⁴

212 4528 418 4597 ‘Ibid.‚pr.5.
1170 4600 1176 4608 .
1240 4592 1245 4602 ,
1269 4557 1272 4563 ·
1302 4552 1345 4613 μ
