3240 5468
737 431 910 500 ..98-

242 647 480 725 propugnare,
501 621 661 699 medium
680 621 772 697 inter
794 620 1083 695 nourinullsrnum
1103 643 1144 694 ac
1163 618 1262 694 illurn
1288 619 1412 694 realis-

242 781 354 849 mum,
377 755 439 854 qui
464 754 602 831 Platoni
627 753 782 830 adscribi
804 752 900 827 solet.
925 754 1104 827 Consonat
1123 751 1218 827 euim
1244 753 1309 827 iste
1330 776 1412 827 rea-

240 887 365 963 lismus
390 911 471 963 cum
501 886 751 963 nominalismo
776 907 816 959 ac
845 883 1147 985 conceptualismo
1175 883 1212 959 in
1243 909 1285 959 eo
1313 889 1411 983 quod

241 1022 340 1120 ponit
389 1021 592 1097 universale
633 1043 704 1096 non
744 1017 889 1116 quidem
925 1026 1021 1093 extra
1063 1026 1220 1094 mentem
1263 1018 1412 1094 realiter

239 1153 401 1233 existere.

292 1291 340 1364 Ex
367 1289 435 1365 alia
461 1299 563 1390 parte
586 1297 707 1366 autem
736 1295 860 1365 contra
890 1284 1193 1384 nominalismom,
1222 1295 1344 1364 tuetur
1369 1310 1410 1366 ac

239 1434 442 1522 propugnat
469 1423 670 1500 universale
698 1421 743 1497 ab
777 1420 955 1498 intellectu
987 1422 1147 1497 humano
1179 1423 1339 1498 abstrahi
1368 1448 1409 1500 ac

238 1555 1408 1656 rebussingularibus,qoibussolidamentolt'terinest,etquarum

236 1689 428 1765 essentiam
448 1690 642 1789 constitnit,
655 1713 726 1765 non
738 1689 884 1789 quidem
897 1689 1170 1765 utsituteruunt
1180 1689 1355 1789 corruptor
1368 1714 1409 1765 ac

234 1845 321 1920 pora
336 1823 462 1900 atetoae
477 1825 640 1921 essentia,
658 1824 720 1900 sed
736 1830 776 1898 ut
785 1823 994 1922 participato
1012 1823 1213 1918 airuilitutto,
1233 1823 1354 1923 imago
1375 1835 1409 1899 et

220 1974 222 1977 ’
237 1956 422 2056 vestigium
444 1958 573 2034 divinae
589 1958 751 2034 essentiae
765 1956 800 2033 in
821 1958 928 2033 rebus
943 1957 1081 2034 creatis.
1100 1957 1141 2030 Et
1161 1956 1235 2032 haec
1253 1964 1309 2032 est
1324 1978 1408 2034 vera

235 2087 278 2165 de
294 2090 555 2168 universalibus
570 2090 743 2168 doctrina.

290 2223 429 2300 Etenim
445 2224 504 2300 illa
524 2234 576 2302 est
592 2248 677 2301 vera
692 2226 784 2302 circa
798 2224 1054 2303 universalium
1069 2223 1293 2301 existentiam
1315 2226 1407 2303 doe-

234 2355 325 2432 trina
349 2380 428 2455 quae
449 2357 555 2433 tradit
569 2357 771 2435 universale
793 2359 909 2435 inesse
929 2358 1036 2434 rebus
1059 2357 1298 2456 singularibus
1323 2370 1407 2434 ante

235 2513 381 2565 omnem
414 2490 544 2566 mentis
577 2491 837 2592 operationem,
871 2498 906 2567 et
942 2490 1175 2591 singularium
1207 2490 1408 2568 essentiam

235 2621 377 2698 realiter
392 2623 458 2700 hoo
473 2623 665 2701 universali
678 2625 847 2701 constitui
863 2624 1001 2702 asserit.

287 2758 370 2834 Haec
390 2764 511 2834 autem
534 2758 606 2834 dno
626 2758 832 2835 firmissime
854 2766 949 2834 tenet
967 2757 1122 2855 Boetius,
1144 2760 1231 2835 dum
1250 2759 1406 2837 adstruit

237 2925 252 2958 u
280 2892 517 2970 universale»
541 2917 605 2969 seu
628 2923 645 2957 a
668 2890 971 2991 universitatem¹,
993 2931 1008 2963 ιι
1032 2890 1172 2969 realiter
1191 2892 1343 2970 existere
1368 2896 1404 2969 in

232 3025 483 3124 singularibus,
500 3049 573 3102 non
589 3025 733 3126 quidem
750 3034 788 3101 ut
803 3025 1006 3101 universale
1023 3033 1104 3101 ante
1119 3025 1249 3102 mentis
1267 3049 1403 3127 opera-

232 3157 377 3255 tionem,
404 3157 467 3235 sed
496 3160 802 3259 (antonomatice
832 3167 981 3258 tantum,
1009 3159 1125 3236 idest
1154 3182 1238 3234 cum
1267 3158 1403 3236 lunda-

230 3299 351 3367 mento
368 3290 404 3366 in
424 3314 473 3388 re,
494 3300 535 3366 ut
554 3290 603 3368 ait
628 3291 668 3366 n.
695 3291 850 3368 Thomas
860 3290 884 3391 ²,
908 3301 943 3367 et
966 3290 1116 3391 intelligi
1138 3299 1178 3366 ut
1197 3291 1402 3368 universale

228 3448 293 3523 per
308 3425 436 3501 mentis
451 3425 704 3526 operationem.
722 3425 822 3500 ttius
842 3434 895 3502 est
913 3425 1010 3502 enim
1031 3423 1158 3501 modus
1177 3423 1400 3524 intelligendi

227 3582 298 3658 quo
314 3558 512 3637 intellectus
527 3557 701 3659 iutelligit,
718 3568 752 3636 et
770 3559 861 3635 alius
876 3566 930 3635 est
944 3558 1073 3635 modus
1088 3581 1159 3658 quo
1174 3581 1231 3634 res
1246 3555 1398 3636 existit³.

1201 3783 1397 3795 *ιι-ι

259 3895 268 3934 ¹
297 3900 412 3960 Consul,
425 3897 455 3963 V,
470 3915 508 3964 pr.
521 3903 544 3952 5.
818 3943 823 3958 ,

257 3983 268 4015 ¹
291 3999 300 4025 ι
319 3981 473 4031 Humanitas
485 3989 524 4033 est
536 3980 633 4046 aliquid
646 3981 671 4034 ln
685 3994 723 4047 re,
735 3993 789 4034 non
804 3987 891 4035 tamen
904 3982 983 4034 habet
995 3981 1030 4033 ibi
1046 3983 1175 4034 rationem
1186 3978 1396 4042 universalitatis,

222 4073 282 4108 curn
295 4074 348 4108 non
360 4060 393 4109 sit
405 4066 478 4111 extra
489 4063 605 4111 animam
618 4064 702 4127 aliqua
723 4064 872 4114 humanitas
891 4063 981 4112 multis
1004 4061 1161 4121 communis,
1184 4061 1229 4110 sed
1248 4061 1395 4109 secundum

221 4140 424 4203 quodaccipitnr
437 4142 611 4193 inintellecta
633 4145 782 4208 adjungitur
803 4144 835 4205 ei,
849 4158 895 4207 per
912 4144 1091 4206 operationem
1109 4141 1267 4202 intellectus,
1285 4140 1396 4189 intentio

218 4223 364 4271 secundum
381 4236 459 4284 quam
476 4223 571 4272 dicitur
589 4226 698 4286 specics.
723 4223 848 4273 Similiter
865 4228 905 4273 est
927 4224 960 4273 de
981 4228 1131 4286 ternpore...
1151 4221 1271 4270 similiter
1285 4221 1348 4270 dico
1363 4221 1413 4269 de.

219 4301 336 4356 veritate.
347 4303 415 4364 quod
426 4302 503 4352 hahet
516 4303 727 4364 stendamentunr
741 4306 769 4352 tn
783 4319 822 4365 rc,
834 4305 879 4353 sed
893 4303 958 4353 ratio
971 4302 1028 4365 ejus
1043 4297 1189 4365 completur
1202 4315 1249 4366 per
1263 4301 1393 4352 actionem

219 4379 366 4428 intellectus
380 4381 402 4441 ,l
414 4383 487 4431 sent.
504 4382 565 4431 bist.
580 4395 634 4444 xxx,
648 4398 691 4446 qu.
705 4397 731 4444 v,
747 4399 770 4433 a.
788 4385 823 4447 l).

253 4461 264 4492 ³
286 4459 317 4508 D.
336 4458 428 4510 thom.
443 4463 573 4525 rtletaplt„
585 4463 630 4513 111).
646 4464 666 4527 I,
679 4465 741 4512 lect.
754 4476 771 4511 x
784 4479 791 4525 3
806 4463 912 4514 Sumit«.
930 4463 977 4513 Tb.
996 4463 1007 4511 l
1021 4477 1057 4526 p.,
1075 4477 1118 4525 qu.
1132 4474 1182 4525 xv3
1197 4476 1222 4512 a.
1236 4462 1247 4511 l
1259 4476 1266 4526 3
1280 4462 1314 4512 dc
1327 4462 1392 4513 Erat.

217 4544 243 4588 et
254 4538 372 4601 Essent,
387 4555 410 4593 c.
424 4553 459 4591 1v.
