3278 5474
644 96 842 164 ..1116ss
899 108 913 136 ·

163 296 234 394 Bei,
252 306 289 372 ut
308 306 361 372 est
381 292 566 386 intellecta,
588 301 642 364 cst
664 289 741 363 idea
762 309 893 375 rerum,
910 295 943 358 ct
958 283 1119 358 omnium
1135 277 1328 379 exemplar.

166 459 182 492 α
209 429 301 503 licet
327 426 421 501 enim
446 447 571 502 omnes
601 446 656 497 res
680 419 862 494 imitentur
887 416 1078 492 essentium
1098 412 1330 509 divinum„irr

161 567 336 659 quantum
353 563 447 650 sunt,
465 564 672 630 nontamen
691 574 762 626 nno
778 561 812 625 et
833 549 959 624 codem
979 546 1086 623 modo
1106 543 1226 621 omnia
1246 543 1333 618 imi-

163 700 283 766 tantur
312 688 456 790 ipsam3
491 684 553 760 sed
580 682 837 778 diversimode,
872 693 906 756 et
938 678 1134 755 secundum
1171 675 1333 751 diversos

163 824 305 922 gradus,
328 821 409 896 »ait
426 823 465 897 B.
488 813 672 895 Thomas¹.

147 928 150 934 Ι
219 959 267 1032 oe
283 954 399 1032 causis
416 951 592 1049 secundis,
610 930 742 1027 scilicet
758 947 801 1025 de
817 969 924 1024 causa
940 943 1081 1022 lornrali
1095 950 1129 1021 et
1145 941 1334 1040 materiali,

165 1093 212 1166 ita
233 1090 398 1164 decantat
420 1087 561 1162 Boetius
584 1114 591 1156 :

305 1323 347 1383 'lu
364 1321 496 1383 numeris
511 1320 656 1382 clementa
670 1317 775 1396 ligas',
793 1325 824 1377 ut
840 1316 948 1394 frigora
964 1313 1089 1376 flaminis

305 1430 396 1491 Arida
411 1426 585 1490 conveniant
599 1421 718 1506 liquidis
730 1442 738 1498 3
760 1440 798 1483 ne
812 1424 914 1503 purior
927 1421 1003 1501 ignis
1056 1467 1059 1473 -

306 1531 407 1593 Evolat
421 1539 470 1593 aut
486 1548 598 1592 mersas
615 1529 761 1592 deducant
776 1529 907 1608 pondera
922 1537 1026 1590 terras.

307 1639 350 1700 Tu
366 1639 489 1720 triplicis
505 1639 631 1700 mediam
648 1645 760 1697 naturae
775 1644 880 1721 cuncta
895 1643 1060 1695 moventem

310 1743 492 1807 Cannectcns
506 1743 654 1805 animam⁵
671 1761 724 1826 pcr
739 1760 867 1806 consona
882 1741 1016 1805 mamhra
1028 1740 1161 1804 resolvis.

309 1853 380 1925 Quae
397 1871 463 1915 curn
478 1860 558 1914 secta
573 1851 646 1914 duos
661 1861 773 1914 motum
789 1850 960 1931 glomerarit
972 1849 1003 1911 in
1019 1847 1117 1925 orbes,

309 1958 341 2020 ln
357 1968 452 2020 semet
466 1958 596 2020 reditura
609 1960 721 2030 meast,
737 1965 926 2037 mentemque
939 1955 1114 2036 profundam

170 2145 361 2154 —-.-.--.-—

163 2319 166 2327 Ι
206 2258 215 2291 ¹
239 2257 338 2315 Quaest.
350 2256 451 2319 quedl,
463 2256 509 2306 lih.
523 2256 564 2317 tv,
578 2271 620 2320 qn.
634 2269 651 2306 r.

206 2340 217 2371 ⁸
239 2337 301 2386 llaec
312 2337 388 2385 docet
401 2335 513 2396 Boetius,
527 2336 560 2385 de
572 2335 685 2393 Musica,
696 2336 740 2385 lih.
754 2336 773 2394 l,
785 2350 806 2384 c.
821 2349 850 2386 rr.
866 2336 946 2384 «lam
955 2347 1016 2382 vero
1029 2339 1139 2398 quatuor·
1151 2334 1344 2384 elementorum

173 2414 360 2474 diversitatem,
373 2413 568 2478 contrariasque
582 2415 728 2478 potentias,
750 2414 799 2464 nisi
818 2415 937 2477 quaedam
954 2415 1090 2467 harmonia
1102 2417 1284 2482 conjungeret,
1300 2414 1344 2478 qui

173 2494 230 2546 fieri
242 2500 337 2560 posset,
350 2499 379 2544 ut
392 2494 420 2543 in
433 2507 516 2543 unum
528 2508 661 2557 corpusne
675 2494 824 2544 machinam
840 2495 1059 2546 convenirentt...
1083 2497 1150 2547 Nam
1172 2496 1242 2560 quod
1263 2508 1343 2544 cons-

174 2575 263 2639 tringit
275 2576 360 2625 hiems
372 2589 417 2624 ver
439 2575 517 2631 laxat,
537 2579 619 2624 torret
637 2580 726 2636 aestas,
746 2580 859 2624 maturat
870 2580 1019 2625 autumnus.
1037 2593 1046 2620 a
1063 2575 1171 2625 Vincula
1184 2579 1274 2624 autern
1292 2586 1345 2636 qua

175 2673 185 2701 ι
204 2655 398 2719 conjunguntur
419 2676 429 2701 ι
453 2655 599 2713 elementa,
622 2657 688 2704 vel«
711 2657 952 2720 constringuntur»
975 2659 1036 2703 sunt
1055 2653 1174 2715 numeri,
1189 2654 1230 2703 vel
1243 2652 1344 2714 sormoe

172 2734 375 2788 substantiales,
385 2737 412 2781 ut
424 2733 570 2782 sexcenties
580 2733 673 2782 asserit
683 2735 713 2783 D.
727 2733 847 2784 Thomas.
863 2733 957 2784 Omnia
965 2735 1037 2785 enim
1048 2736 1075 2784 in
1087 2749 1220 2794 mensura,
1231 2748 1344 2784 numero

173 2820 199 2862 et
211 2813 325 2876 pondere
338 2810 464 2873 disposuit
476 2812 543 2860 Deus
554 2811 636 2874 (Sap,
650 2825 687 2873 xr,
698 2812 747 2873 2¹).
768 2814 840 2861 luter·
857 2815 1049 2865 elementorum
1061 2815 1199 2879 qualitates
1215 2814 1272 2864 aliae
1282 2818 1346 2864 sunt

172 2888 321 2949 alterativae,
334 2888 392 2937 aliae
405 2887 535 2936 matrices.
560 2888 618 2938 lstae
638 2890 775 2952 qualitates
794 2890 907 2954 ligantur
921 2893 948 2942 in
969 2893 1045 2944 variis
1058 2899 1158 2943 naturae
1170 2892 1323 2956 corporibus
1337 2907 1343 2941 :

173 2975 208 3020 ita
219 2968 400 3032 hydrogenum
415 2967 441 3016 in
455 2980 532 3029 aqua,
543 2980 688 3030 oxygenum
701 2969 728 3017 in
739 2969 816 3029 saxis,
829 2971 1004 3034 comagenam
1018 2972 1045 3020 in
1059 2971 1163 3033 plantis,
1176 2976 1227 3021 etc.
1239 2970 1344 3033 Resque

172 3048 208 3098 ita
221 3046 288 3097 fiunt
299 3061 333 3096 ne
345 3047 436 3097 redeat
448 3045 534 3108 chaos,
550 3064 560 3092 r
577 3061 610 3096 ne
620 3048 708 3112 purior
722 3048 790 3112 ignis
810 3050 903 3111 evolet,
916 3056 960 3100 aut
972 3065 1072 3100 mersas
1086 3050 1217 3100 deducant
1228 3051 1345 3113 pondera

172 3134 263 3178 terras.
279 3146 290 3174 ι

206 3210 218 3246 ⁸
244 3209 385 3269 Qualitates
399 3212 515 3262 materiae
536 3214 659 3263 motrices
674 3215 705 3263 ad
729 3215 998 3279 animamquamdam
1010 3215 1144 3275 mediam,
1160 3216 1276 3277 triplicis
1291 3229 1346 3264 rra-

173 3297 248 3348 turoe‚
259 3297 352 3340 cuncta
363 3301 512 3342 monetalem
525 3293 664 3357 pertinent.
679 3293 731 3344 Has
744 3294 863 3344 omniurn
876 3298 994 3343 motuum
1005 3308 1096 3344 causas
1103 3293 1182 3343 variis
1192 3293 1347 3344 nominibus

172 3371 303 3434 adpellant
325 3371 445 3420 hodierni
466 3372 613 3436 philosophi
635 3389 751 3438 nempe:
775 3375 897 3436 tumidae,
919 3374 1042 3430 chalcur,
1057 3373 1211 3435 c‘lectricitd,
1230 3373 1347 3437 rtiaone'·

172 3453 257 3500 tismc.
271 3450 333 3499 llaec
348 3451 430 3513 prima
442 3451 546 3514 agentia
558 3454 686 3504 naturalia
694 3459 819 3504 vocantur
831 3470 846 3503 a
856 3455 945 3503 Boetia
958 3454 1054 3504 aniana
1064 3453 1170 3512 mucidi,
1183 3467 1240 3516 quae
1252 3458 1349 3502 cuncta

171 3536 268 3593 movet,
291 3537 317 3580 et
338 3537 378 3580 est
399 3532 567 3583 subtilissima
589 3537 615 3581 et
635 3533 772 3583 resoluitur
793 3548 840 3597 per
853 3534 924 3583 varia
942 3539 1041 3583 naturae
1053 3548 1150 3598 regua,
1171 3530 1347 3582 mutationum

171 3611 299 3672 omniurn,
313 3611 366 3659 site
381 3611 599 3677 substantialium,
615 3612 668 3662 sire
682 3612 887 3663 accidentalium
901 3613 1026 3663 effectrix.
1046 3614 1128 3676 Hujus
1139 3613 1235 3662 animae
1248 3617 1349 3662 natura

171 3695 274 3740 nostros
295 3690 401 3753 quidem
414 3691 479 3755 fagit
490 3706 601 3751 sensus,
623 3690 686 3755 quin
698 3697 786 3740 tamen
799 3692 833 3741 sit
845 3691 1003 3754 spiritualis,
1020 3690 1088 3739 hanc
1101 3690 1231 3744 mediam,
1252 3703 1349 3750 cor-pus

172 3770 274 3819 interet
287 3774 403 3818 mentem
415 3774 489 3818 rocat
500 3768 613 3818 Boetius.
624 3769 688 3820 Huic
700 3770 791 3820 alludit
802 3771 935 3832 Scriptura
946 3784 1019 3819 sacra
1032 3769 1072 3818 his
1087 3768 1171 3817 veihis
1181 3785 1207 3816 :r
1222 3768 1349 3816 Lustrans

172 3849 292 3899 universa
300 3849 326 3897 in
339 3849 448 3898 circuita
455 3849 539 3912 pergit
550 3848 665 3911 spiritus,
676 3849 736 3898 etin
746 3849 857 3898 circulos
867 3863 928 3898 suos
936 3848 1072 3896 reuertitur
1085 3847 1179 3910 (Boot,
1193 3861 1215 3895 c.
1229 3860 1280 3906 r,v.
1291 3845 1314 3908 6)
1322 3862 1345 3908 3»

152 3915 156 3985 s
172 3931 258 3977 forsan
279 3926 358 3977 etiam
373 3927 485 3993 Virgilus
500 3946 505 3976 :
523 3927 623 3978 ollem
635 3929 722 3991 opilat
735 3929 873 3978 inoleta...
890 3925 1017 3991 (AEacid.,
1030 3927 1074 3977 lib.
1093 3927 1140 3991 Vl).

152 4067 153 4071 Ἰ
205 4006 218 4040 ⁴
240 4006 301 4055 Haec
315 4007 406 4056 anima
419 4008 510 4057 mundi
523 4008 596 4071 quasi
606 4007 707 4057 induas
720 4012 823 4056 secatur
834 4012 930 4069 partes,
943 4007 1005 4055 dum
1018 4012 1103 4056 motus
1114 4006 1253 4059 cosuricoe.
1266 4006 1347 4054 coelo-

173 4099 232 4134 rum
246 4085 355 4148 scilicet,
377 4080 407 4136 et⁴
417 4086 496 4136 uitam
515 4102 546 4137 ac
567 4092 667 4137 motum
681 4085 782 4135 telluris
802 4100 832 4134 ac
852 4086 1017 4148 planetarum
1029 4083 1118 4134 elficit.
1134 4104 1143 4131 r
1158 4084 1269 4134 ltlundus
1280 4083 1347 4146 ipse.

174 4161 210 4214 ait
224 4156 328 4215 Boetius
340 4158 475 4230 (Geomet,
497 4166 540 4217 lih.
555 4166 588 4230 Il,
602 4167 697 4229 lligne,
708 4164 796 4228 LXlll,
807 4165 856 4215 cal.
869 4164 947 4230 135³),
959 4163 1084 4228 sphaerica
1094 4164 1178 4214 fertur
1189 4161 1348 4213 rotunditate
