3240 5468
605 915 730 984 CAPUT
759 915 963 996 QUARTUll.

193 1215 452 1269 REFELLUNTUR
484 1215 542 1265 ΤΗ.
568 1196 733 1286 {013ssan
764 1213 795 1265 C.
824 1212 997 1266 JOURDAIN
1028 1216 1072 1267 ΕΤ
1101 1217 1157 1268 FR.
1195 1217 1365 1271 Nl'lZSGllIl

384 1338 522 1395 CONTRA
544 1338 698 1392 BOETIUM
721 1338 934 1393 THEOLOGUM
958 1339 1170 1392 SYSTEMATA.

245 1616 327 1691 lam
359 1615 396 1689 in
431 1613 638 1708 Germania,
670 1635 765 1688 anno
798 1607 913 1705 1843,
947 1612 1058 1686 edidit
1089 1613 1151 1688 'lh
1189 1611 1364 1687 Obbarius

193 1750 339 1825 Librum
354 1748 464 1825 Boetii
489 1750 529 1822 dc
552 1723 805 1843 Goasclatc'one,
826 1768 908 1820 curn
931 1743 1213 1842 Prolegomenis,
1233 1743 1363 1842 quibus

191 1881 228 1957 id
252 1882 406 1958 maxime
427 1879 651 1980 probandum
675 1878 830 1978 suscepit
854 1901 921 1954 nec
946 1875 1107 1952 Boetium
1128 1876 1362 1953 christianum

190 2014 312 2110 fuisse,
340 2038 404 2091 nec
427 2014 547 2114 ipsum
572 2037 650 2089 csse
677 2012 871 2111 genuinum
900 2017 1083 2086 auctorem
1107 2011 1364 2111 opusculorum

193 2147 471 2248 theologicorum
507 2171 587 2246 quae
620 2146 689 2245 ipsi
727 2145 988 2220 adscribuntur.
1027 2144 1171 2220 Obbarii
1207 2155 1362 2245 systema

192 2279 369 2380 praecipue
394 2279 431 2353 in
458 2303 500 2355 eo
523 2255 670 2354 vertitur
698 2286 737 2353 ut
767 2302 787 2352 e
815 2275 1074 2378 philosophicis
1099 2286 1133 2353 et
1158 2277 1363 2376 theologicis

189 2412 453 2488 sententiarum
469 2392 717 2512 discrepantiis
733 2410 808 2487 haec
823 2417 969 2486 eruatur
984 2408 1187 2489 conclusio:
1201 2410 1364 2487 Boetium

190 2545 444 2646 philosophum
474 2546 584 2620 alium
610 2569 689 2621 esse
717 2567 757 2620 ac
783 2559 933 2644 operum
964 2544 1245 2643 theologicorum
1274 2569 1364 2621 auc-

190 2690 316 2754 torem.
333 2679 543 2754 Doctrinam
561 2659 900 2776 Prolegomenorum
921 2678 1067 2754 Ohharii
1086 2678 1181 2754 circa
1201 2676 1365 2755 Boetium

189 2812 348 2888 obsecuti
369 2788 563 2909 sunt'apud
578 2833 644 2885 nos
664 2811 703 2886 V.
718 2811 767 2886 Le
782 2810 891 2905 Glerc‚
914 2812 948 2887 G.
966 2811 1149 2906 socrdem,
1171 2811 1305 2887 Iudicis
1320 2812 1365 2889 de

190 2942 375 3040 Mirandol‚
395 2944 608 3042 Langsdorlf
622 2951 656 3019 et
675 2943 736 3017 alii
756 2942 793 3017 in
815 2943 1005 3020 Germania
1027 2943 1119 3020 benc
1139 2944 1254 3044 multi,
1270 2944 1364 3021 inter

189 3101 280 3178 quos
294 3076 493 3154 Nitzschius
509 3085 544 3154 et
559 3075 613 3152 vir
629 3076 666 3150 in
682 3076 830 3152 historia
850 3077 900 3153 roi
921 3076 1102 3154 litterariae
1125 3076 1363 3178 peritissimus

189 3195 334 3288 Teuffel.

240 3417 267 3495 1.
283 3415 428 3493 Infinita
442 3415 702 3517 propemodum
714 3415 931 3492 instituenda
944 3426 1037 3493 esset
1053 3417 1257 3517 disquisitio
1274 3420 1303 3494 si
1318 3421 1364 3497 ad

187 3575 337 3628 examen
352 3548 553 3626 revocanda
573 3556 692 3624 essent
712 3549 852 3649 singula
871 3573 951 3648 quae
970 3550 1008 3624 in
1028 3551 1175 3627 Ohharii
1197 3553 1363 3651 Prolepo-

186 3685 296 3760 roccis
324 3685 489 3784 legantur
512 3683 607 3759 circa
631 3682 916 3784 philosophicam
936 3693 970 3759 et
991 3684 1226 3785 theologicam
1251 3688 1362 3765 Boetii

186 3819 396 3895 doctrinam.
416 3819 501 3904 Quce
522 3826 559 3892 ut
575 3817 776 3918 promptius
795 3817 1042 3918 expediamus,
1064 3820 1257 3898 referendae
1278 3834 1362 3900 sunt

188 3955 341 4031 duorum
365 3978 385 4028 e
406 3952 594 4029 Germania
617 3951 805 4026 doctorum
829 3952 987 4028 virorum
1016 3956 1210 4056 sententiae,
1236 3958 1361 4060 Peiper

186 4096 221 4162 et
238 4086 475 4182 Sohundeleu‚
492 4086 536 4162 de
548 4084 743 4169 scientifica
755 4086 901 4162 Obbarii
918 4089 1137 4165 auctoritate.
1154 4090 1189 4165 si
1205 4092 1359 4191 priorem

187 4224 323 4319 audias,
340 4222 450 4298 edidit
466 4220 642 4297 Obbarius
661 4221 820 4298 codicem
842 4221 1044 4298 Gothanum
1061 4224 1118 4318 (de
1135 4224 1275 4319 Gotho),
1296 4226 1358 4324 qui

153 4418 158 4427 ,
183 4328 383 4435 defectibus
404 4356 603 4433 innumeris
628 4355 767 4432 laborat
796 4365 830 4432 et
859 4356 988 4432 saeculo
1013 4367 1080 4432 X11⁰
1106 4366 1244 4434 tantum
1273 4384 1359 4434 era-

186 4501 283 4573 rotus
298 4502 363 4570 est.
376 4491 518 4567 Obharii
535 4491 694 4568 recensio
708 4515 830 4570 revera
843 4491 1000 4570 continet
1011 4490 1168 4605 quinque
1183 4493 1357 4603 opuscula
