<?xml version="1.0" encoding="UTF-8"?>
<!DOCTYPE html PUBLIC "-//W3C//DTD XHTML 1.0 Transitional//EN"
    "http://www.w3.org/TR/xhtml1/DTD/xhtml1-transitional.dtd">
<html xmlns="http://www.w3.org/1999/xhtml" xml:lang="en" lang="en">
 <head>
  <title>
</title>
<meta http-equiv="Content-Type" content="text/html;charset=utf-8" />
  <meta name='ocr-system' content='tesseract 3.04.00' />
  <meta name='ocr-capabilities' content='ocr_page ocr_carea ocr_par ocr_line ocrx_word'/>
</head>
<body>
  <div class='ocr_page' id='page_1' title='image "./deamseverinoboe00bourgoog_0213.png"; bbox 0 0 3240 5468; ppageno 0'>
   <div class='ocr_carea' id='block_1_1' title="bbox 811 461 1010 532">
    <p class='ocr_par' dir='ltr' id='par_1_1' title="bbox 811 461 1010 532">
     <span class='ocr_line' id='line_1_1' title="bbox 811 461 1010 532; baseline 0.01 -1"><span class='ocrx_word' id='word_1_1' title='bbox 811 461 1010 532; x_wconf 75' lang='lat'><strong>-198-</strong></span> 
     </span>
    </p>
   </div>
   <div class='ocr_carea' id='block_1_2' title="bbox 228 652 1500 2768">
    <p class='ocr_par' dir='ltr' id='par_1_2' title="bbox 228 652 1500 2634">
     <span class='ocr_line' id='line_1_2' title="bbox 325 652 1499 751; baseline -0.001 -21"><span class='ocrx_word' id='word_1_2' title='bbox 325 663 455 751; x_wconf 88' lang='lat' dir='ltr'>rentes,</span> <span class='ocrx_word' id='word_1_3' title='bbox 476 677 572 730; x_wconf 93' lang='lat' dir='ltr'>nunc</span> <span class='ocrx_word' id='word_1_4' title='bbox 596 681 615 718; x_wconf 73' lang='grc' dir='ltr'>(ι</span> <span class='ocrx_word' id='word_1_5' title='bbox 634 655 763 743; x_wconf 86' lang='lat' dir='ltr'>Deum,</span> <span class='ocrx_word' id='word_1_6' title='bbox 787 683 804 716; x_wconf 69' lang='grc' dir='ltr'>ι»</span> <span class='ocrx_word' id='word_1_7' title='bbox 828 675 923 728; x_wconf 92' lang='lat' dir='ltr'>nunc</span> <span class='ocrx_word' id='word_1_8' title='bbox 945 679 960 713; x_wconf 66' lang='grc' dir='ltr'>τι</span> <span class='ocrx_word' id='word_1_9' title='bbox 983 652 1069 728; x_wconf 91' lang='lat' dir='ltr'>deos</span> <span class='ocrx_word' id='word_1_10' title='bbox 1092 681 1107 715; x_wconf 71' lang='grc' dir='ltr'><strong><em>ι</em></strong></span> <span class='ocrx_word' id='word_1_11' title='bbox 1131 653 1329 748; x_wconf 90' lang='lat' dir='ltr'>nominant,</span> <span class='ocrx_word' id='word_1_12' title='bbox 1347 655 1499 730; x_wconf 79' lang='lat' dir='ltr'>Boetius</span> 
     </span>
     <span class='ocr_line' id='line_1_3' title="bbox 325 785 1495 884; baseline -0.002 -21"><span class='ocrx_word' id='word_1_13' title='bbox 325 807 439 864; x_wconf 90' lang='lat' dir='ltr'>unum</span> <span class='ocrx_word' id='word_1_14' title='bbox 472 795 613 865; x_wconf 88' lang='lat' dir='ltr'>tautum</span> <span class='ocrx_word' id='word_1_15' title='bbox 650 812 728 865; x_wconf 88' lang='lat' dir='ltr'>esse</span> <span class='ocrx_word' id='word_1_16' title='bbox 760 816 776 850; x_wconf 72' lang='grc' dir='ltr'><strong>α</strong></span> <span class='ocrx_word' id='word_1_17' title='bbox 811 809 930 864; x_wconf 93' lang='lat' dir='ltr'>rerum</span> <span class='ocrx_word' id='word_1_18' title='bbox 964 785 1126 862; x_wconf 91' lang='lat' dir='ltr'>omnium</span> <span class='ocrx_word' id='word_1_19' title='bbox 1158 785 1387 864; x_wconf 74' lang='lat' dir='ltr'>Conditorem</span> <span class='ocrx_word' id='word_1_20' title='bbox 1410 785 1442 884; x_wconf 91' lang='lat'>¹,</span> <span class='ocrx_word' id='word_1_21' title='bbox 1480 825 1495 854; x_wconf 66' lang='grc' dir='ltr'>»ι</span> 
     </span>
     <span class='ocr_line' id='line_1_4' title="bbox 329 917 1500 1023; baseline -0.002 -25"><span class='ocrx_word' id='word_1_22' title='bbox 329 953 347 988; x_wconf 85' lang='lat'><strong>«</strong></span> <span class='ocrx_word' id='word_1_23' title='bbox 369 921 532 998; x_wconf 90' lang='lat' dir='ltr'>omnium</span> <span class='ocrx_word' id='word_1_24' title='bbox 548 923 690 998; x_wconf 83' lang='lat' dir='ltr'>Patrem</span> <span class='ocrx_word' id='word_1_25' title='bbox 714 917 728 960; x_wconf 77' lang='lat'><strong>²</strong></span> <span class='ocrx_word' id='word_1_26' title='bbox 746 953 760 987; x_wconf 69' lang='lat' dir='ltr'>a</span> <span class='ocrx_word' id='word_1_27' title='bbox 788 956 808 994; x_wconf 70' lang='lat' dir='ltr'>a</span> <span class='ocrx_word' id='word_1_28' title='bbox 823 918 961 996; x_wconf 90' lang='lat' dir='ltr'>bonum</span> <span class='ocrx_word' id='word_1_29' title='bbox 980 920 1177 1020; x_wconf 73' lang='lat' dir='ltr'>Rectorem,</span> <span class='ocrx_word' id='word_1_30' title='bbox 1192 943 1301 1020; x_wconf 88' lang='lat' dir='ltr'>opere</span> <span class='ocrx_word' id='word_1_31' title='bbox 1315 945 1383 996; x_wconf 93' lang='lat' dir='ltr'>suo</span> <span class='ocrx_word' id='word_1_32' title='bbox 1399 946 1500 1023; x_wconf 80' lang='lat' dir='ltr'>proo-</span> 
     </span>
     <span class='ocr_line' id='line_1_5' title="bbox 228 1052 1493 1156; baseline -0.009 -21"><span class='ocrx_word' id='word_1_33' title='bbox 228 1055 233 1061; x_wconf 79' lang='grc'><strong>’</strong></span> <span class='ocrx_word' id='word_1_34' title='bbox 325 1053 538 1136; x_wconf 82' lang='lat' dir='ltr'>sidentem⁸</span> <span class='ocrx_word' id='word_1_35' title='bbox 571 1083 590 1122; x_wconf 75' lang='lat' dir='ltr'>a</span> <span class='ocrx_word' id='word_1_36' title='bbox 631 1088 646 1120; x_wconf 72' lang='grc' dir='ltr'>«ι</span> <span class='ocrx_word' id='word_1_37' title='bbox 682 1079 804 1132; x_wconf 87' lang='lat' dir='ltr'>rerum</span> <span class='ocrx_word' id='word_1_38' title='bbox 836 1053 998 1130; x_wconf 90' lang='lat' dir='ltr'>omnium</span> <span class='ocrx_word' id='word_1_39' title='bbox 1030 1054 1233 1156; x_wconf 83' lang='lat' dir='ltr'>Principem</span> <span class='ocrx_word' id='word_1_40' title='bbox 1263 1052 1442 1131; x_wconf 80' lang='lat' dir='ltr'>bonum⁴</span> <span class='ocrx_word' id='word_1_41' title='bbox 1478 1095 1493 1124; x_wconf 59' lang='lat' dir='ltr'>i</span> 
     </span>
     <span class='ocr_line' id='line_1_6' title="bbox 329 1186 1500 1293; baseline 0.009 -33"><span class='ocrx_word' id='word_1_42' title='bbox 329 1227 345 1260; x_wconf 61' lang='lat' dir='ltr'>e</span> <span class='ocrx_word' id='word_1_43' title='bbox 375 1199 516 1293; x_wconf 87' lang='lat' dir='ltr'>portam</span> <span class='ocrx_word' id='word_1_44' title='bbox 541 1199 576 1267; x_wconf 89' lang='lat' dir='ltr'>et</span> <span class='ocrx_word' id='word_1_45' title='bbox 598 1191 739 1291; x_wconf 82' lang='lat' dir='ltr'><strong>asylum</strong></span> <span class='ocrx_word' id='word_1_46' title='bbox 764 1187 978 1266; x_wconf 89' lang='lat' dir='ltr'>miserorum</span> <span class='ocrx_word' id='word_1_47' title='bbox 1000 1186 1026 1286; x_wconf 80' lang='lat'>⁵3</span> <span class='ocrx_word' id='word_1_48' title='bbox 1064 1225 1079 1258; x_wconf 63' lang='grc' dir='ltr'>Ι</span> <span class='ocrx_word' id='word_1_49' title='bbox 1111 1188 1244 1290; x_wconf 89' lang='lat' dir='ltr'>quique</span> <span class='ocrx_word' id='word_1_50' title='bbox 1271 1212 1338 1265; x_wconf 91' lang='lat' dir='ltr'>sua</span> <span class='ocrx_word' id='word_1_51' title='bbox 1368 1190 1500 1270; x_wconf 82' lang='lat' dir='ltr'>Provi-</span> 
     </span>
     <span class='ocr_line' id='line_1_7' title="bbox 326 1321 1498 1423; baseline 0 -20"><span class='ocrx_word' id='word_1_52' title='bbox 326 1325 476 1404; x_wconf 77' lang='lat' dir='ltr'>dentia«</span> <span class='ocrx_word' id='word_1_53' title='bbox 491 1325 610 1401; x_wconf 91' lang='lat' dir='ltr'>omnia</span> <span class='ocrx_word' id='word_1_54' title='bbox 626 1324 663 1398; x_wconf 94' lang='lat' dir='ltr'>in</span> <span class='ocrx_word' id='word_1_55' title='bbox 674 1324 743 1399; x_wconf 93' lang='lat' dir='ltr'>hoc</span> <span class='ocrx_word' id='word_1_56' title='bbox 754 1321 889 1398; x_wconf 91' lang='lat' dir='ltr'>mundo</span> <span class='ocrx_word' id='word_1_57' title='bbox 899 1321 1126 1423; x_wconf 78' lang='lat' dir='ltr'>singulariter</span> <span class='ocrx_word' id='word_1_58' title='bbox 1137 1346 1178 1400; x_wconf 91' lang='lat' dir='ltr'>ac</span> <span class='ocrx_word' id='word_1_59' title='bbox 1188 1323 1364 1402; x_wconf 89' lang='lat' dir='ltr'>stabiliter</span> <span class='ocrx_word' id='word_1_60' title='bbox 1373 1323 1498 1403; x_wconf 90' lang='lat' dir='ltr'>admi-</span> 
     </span>
     <span class='ocr_line' id='line_1_8' title="bbox 325 1455 1498 1562; baseline -0.001 -25"><span class='ocrx_word' id='word_1_61' title='bbox 325 1456 487 1555; x_wconf 78' lang='lat' dir='ltr'>nistrat⁰,</span> <span class='ocrx_word' id='word_1_62' title='bbox 502 1466 657 1558; x_wconf 80' lang='lat' dir='ltr'>»estque</span> <span class='ocrx_word' id='word_1_63' title='bbox 672 1489 691 1526; x_wconf 88' lang='lat'>«</span> <span class='ocrx_word' id='word_1_64' title='bbox 703 1459 869 1534; x_wconf 82' lang='lat' dir='ltr'>Servatur</span> <span class='ocrx_word' id='word_1_65' title='bbox 881 1455 1061 1534; x_wconf 92' lang='lat' dir='ltr'>bonorum</span> <span class='ocrx_word' id='word_1_66' title='bbox 1076 1480 1117 1534; x_wconf 89' lang='lat' dir='ltr'>ac</span> <span class='ocrx_word' id='word_1_67' title='bbox 1132 1457 1309 1535; x_wconf 91' lang='lat' dir='ltr'>malornm</span> <span class='ocrx_word' id='word_1_68' title='bbox 1319 1459 1498 1562; x_wconf 86' lang='lat' dir='ltr'>depulsor</span> 
     </span>
     <span class='ocr_line' id='line_1_9' title="bbox 325 1587 1496 1694; baseline 0.002 -24"><span class='ocrx_word' id='word_1_69' title='bbox 325 1600 361 1670; x_wconf 92' lang='lat' dir='ltr'>et</span> <span class='ocrx_word' id='word_1_70' title='bbox 374 1591 571 1671; x_wconf 79' lang='lat' dir='ltr'>medicator</span> <span class='ocrx_word' id='word_1_71' title='bbox 586 1590 760 1667; x_wconf 88' lang='lat' dir='ltr'>mentium</span> <span class='ocrx_word' id='word_1_72' title='bbox 781 1587 806 1665; x_wconf 62' lang='grc' dir='ltr'>Ι.</span> <span class='ocrx_word' id='word_1_73' title='bbox 827 1624 844 1657; x_wconf 84' lang='grc'>»</span> <span class='ocrx_word' id='word_1_74' title='bbox 862 1590 925 1666; x_wconf 91' lang='lat' dir='ltr'>His</span> <span class='ocrx_word' id='word_1_75' title='bbox 939 1598 1059 1668; x_wconf 87' lang='lat' dir='ltr'>autem</span> <span class='ocrx_word' id='word_1_76' title='bbox 1078 1591 1258 1668; x_wconf 89' lang='lat' dir='ltr'>simillima</span> <span class='ocrx_word' id='word_1_77' title='bbox 1270 1592 1444 1694; x_wconf 84' lang='lat' dir='ltr'>leguntur</span> <span class='ocrx_word' id='word_1_78' title='bbox 1457 1595 1496 1672; x_wconf 92' lang='lat' dir='ltr'>in</span> 
     </span>
     <span class='ocr_line' id='line_1_10' title="bbox 325 1723 1497 1827; baseline -0.001 -20"><span class='ocrx_word' id='word_1_79' title='bbox 325 1725 460 1807; x_wconf 81' lang='lat' dir='ltr'>caeteris</span> <span class='ocrx_word' id='word_1_80' title='bbox 481 1723 687 1826; x_wconf 81' lang='lat' dir='ltr'>theologicis</span> <span class='ocrx_word' id='word_1_81' title='bbox 709 1724 912 1825; x_wconf 66' lang='lat' dir='ltr'>opusculis,</span> <span class='ocrx_word' id='word_1_82' title='bbox 932 1732 966 1801; x_wconf 87' lang='lat' dir='ltr'>et</span> <span class='ocrx_word' id='word_1_83' title='bbox 985 1725 1132 1824; x_wconf 91' lang='lat' dir='ltr'>quidem</span> <span class='ocrx_word' id='word_1_84' title='bbox 1149 1726 1188 1802; x_wconf 90' lang='lat' dir='ltr'>in</span> <span class='ocrx_word' id='word_1_85' title='bbox 1207 1726 1381 1827; x_wconf 88' lang='lat' dir='ltr'>opusculo</span> <span class='ocrx_word' id='word_1_86' title='bbox 1397 1731 1497 1822; x_wconf 86' lang='lat' dir='ltr'>Quo·</span> 
     </span>
     <span class='ocr_line' id='line_1_11' title="bbox 323 1860 1497 1945; baseline 0.003 -7"><span class='ocrx_word' id='word_1_87' title='bbox 323 1865 422 1938; x_wconf 81' lang='lat' dir='ltr'>uodo</span> <span class='ocrx_word' id='word_1_88' title='bbox 445 1863 680 1939; x_wconf 80' lang='lat' dir='ltr'>substantia...</span> <span class='ocrx_word' id='word_1_89' title='bbox 704 1862 818 1938; x_wconf 84' lang='lat' dir='ltr'>Deum</span> <span class='ocrx_word' id='word_1_90' title='bbox 839 1885 918 1938; x_wconf 89' lang='lat' dir='ltr'>esse</span> <span class='ocrx_word' id='word_1_91' title='bbox 941 1860 1173 1937; x_wconf 79' lang='lat' dir='ltr'>essentialiter</span> <span class='ocrx_word' id='word_1_92' title='bbox 1195 1885 1236 1938; x_wconf 89' lang='lat' dir='ltr'>ac</span> <span class='ocrx_word' id='word_1_93' title='bbox 1259 1886 1296 1938; x_wconf 88' lang='lat' dir='ltr'>re</span> <span class='ocrx_word' id='word_1_94' title='bbox 1315 1885 1336 1939; x_wconf 90' lang='lat' dir='ltr'>a</span> <span class='ocrx_word' id='word_1_95' title='bbox 1354 1866 1497 1945; x_wconf 77' lang='lat' dir='ltr'>ceteris</span> 
     </span>
     <span class='ocr_line' id='line_1_12' title="bbox 322 1995 1496 2099; baseline 0.003 -26"><span class='ocrx_word' id='word_1_96' title='bbox 322 1998 428 2075; x_wconf 89' lang='lat' dir='ltr'>rebus</span> <span class='ocrx_word' id='word_1_97' title='bbox 451 1999 672 2098; x_wconf 90' lang='lat' dir='ltr'>distinctum,</span> <span class='ocrx_word' id='word_1_98' title='bbox 692 2004 873 2075; x_wconf 89' lang='lat' dir='ltr'>utcontra</span> <span class='ocrx_word' id='word_1_99' title='bbox 892 1995 1113 2097; x_wconf 88' lang='lat' dir='ltr'>pantheistas</span> <span class='ocrx_word' id='word_1_100' title='bbox 1133 1996 1236 2074; x_wconf 90' lang='lat' dir='ltr'>docet</span> <span class='ocrx_word' id='word_1_101' title='bbox 1259 2019 1348 2072; x_wconf 91' lang='lat' dir='ltr'>sana</span> <span class='ocrx_word' id='word_1_102' title='bbox 1370 1999 1496 2099; x_wconf 87' lang='lat' dir='ltr'>philo-</span> 
     </span>
     <span class='ocr_line' id='line_1_13' title="bbox 321 2129 1493 2233; baseline 0.003 -27"><span class='ocrx_word' id='word_1_103' title='bbox 321 2131 459 2232; x_wconf 89' lang='lat' dir='ltr'>sophia,</span> <span class='ocrx_word' id='word_1_104' title='bbox 480 2132 658 2233; x_wconf 86' lang='lat' dir='ltr'>expressis</span> <span class='ocrx_word' id='word_1_105' title='bbox 678 2131 793 2208; x_wconf 89' lang='lat' dir='ltr'>verbis</span> <span class='ocrx_word' id='word_1_106' title='bbox 812 2129 939 2208; x_wconf 88' lang='lat' dir='ltr'>asserit</span> <span class='ocrx_word' id='word_1_107' title='bbox 957 2130 1127 2207; x_wconf 89' lang='lat' dir='ltr'>Boetius:</span> <span class='ocrx_word' id='word_1_108' title='bbox 1152 2163 1168 2194; x_wconf 69' lang='grc' dir='ltr'><strong>α</strong></span> <span class='ocrx_word' id='word_1_109' title='bbox 1193 2129 1222 2204; x_wconf 92' lang='lat' dir='ltr'>si</span> <span class='ocrx_word' id='word_1_110' title='bbox 1243 2129 1493 2210; x_wconf 90' lang='lat' dir='ltr'>substantialia</span> 
     </span>
     <span class='ocr_line' id='line_1_14' title="bbox 319 2261 1495 2368; baseline 0.005 -27"><span class='ocrx_word' id='word_1_111' title='bbox 319 2265 416 2341; x_wconf 90' lang='lat' dir='ltr'>bona</span> <span class='ocrx_word' id='word_1_112' title='bbox 441 2273 536 2365; x_wconf 90' lang='lat' dir='ltr'>sunt,</span> <span class='ocrx_word' id='word_1_113' title='bbox 562 2265 732 2366; x_wconf 91' lang='lat' dir='ltr'>quoniam</span> <span class='ocrx_word' id='word_1_114' title='bbox 759 2288 832 2342; x_wconf 90' lang='lat' dir='ltr'>non</span> <span class='ocrx_word' id='word_1_115' title='bbox 861 2263 1077 2367; x_wconf 87' lang='lat' dir='ltr'>participant</span> <span class='ocrx_word' id='word_1_116' title='bbox 1103 2261 1336 2342; x_wconf 87' lang='lat' dir='ltr'>bonitatem...</span> <span class='ocrx_word' id='word_1_117' title='bbox 1372 2271 1495 2368; x_wconf 90' lang='lat' dir='ltr'>primo</span> 
     </span>
     <span class='ocr_line' id='line_1_15' title="bbox 320 2397 1493 2503; baseline 0.009 -31"><span class='ocrx_word' id='word_1_118' title='bbox 320 2397 392 2474; x_wconf 90' lang='lat' dir='ltr'>siut</span> <span class='ocrx_word' id='word_1_119' title='bbox 404 2399 499 2478; x_wconf 90' lang='lat' dir='ltr'>bono</span> <span class='ocrx_word' id='word_1_120' title='bbox 514 2399 655 2502; x_wconf 91' lang='lat' dir='ltr'>similia,</span> <span class='ocrx_word' id='word_1_121' title='bbox 673 2425 713 2478; x_wconf 87' lang='lat' dir='ltr'>ac</span> <span class='ocrx_word' id='word_1_122' title='bbox 734 2426 797 2503; x_wconf 90' lang='lat' dir='ltr'>per</span> <span class='ocrx_word' id='word_1_123' title='bbox 815 2400 894 2499; x_wconf 93' lang='lat' dir='ltr'>hoc,</span> <span class='ocrx_word' id='word_1_124' title='bbox 910 2399 976 2476; x_wconf 89' lang='lat' dir='ltr'>hoc</span> <span class='ocrx_word' id='word_1_125' title='bbox 996 2398 1117 2500; x_wconf 86' lang='lat' dir='ltr'>ipsum</span> <span class='ocrx_word' id='word_1_126' title='bbox 1135 2398 1268 2476; x_wconf 90' lang='lat' dir='ltr'>bonum</span> <span class='ocrx_word' id='word_1_127' title='bbox 1289 2408 1433 2481; x_wconf 85' lang='lat' dir='ltr'>erunt...</span> <span class='ocrx_word' id='word_1_128' title='bbox 1452 2428 1493 2482; x_wconf 83' lang='lat' dir='ltr'>er</span> 
     </span>
     <span class='ocr_line' id='line_1_16' title="bbox 319 2531 1491 2634; baseline 0.003 -27"><span class='ocrx_word' id='word_1_129' title='bbox 319 2555 391 2630; x_wconf 91' lang='lat' dir='ltr'>quo</span> <span class='ocrx_word' id='word_1_130' title='bbox 404 2531 456 2624; x_wconf 86' lang='lat' dir='ltr'>fit,</span> <span class='ocrx_word' id='word_1_131' title='bbox 468 2540 507 2609; x_wconf 91' lang='lat' dir='ltr'>ut</span> <span class='ocrx_word' id='word_1_132' title='bbox 520 2535 641 2611; x_wconf 87' lang='lat' dir='ltr'>omnia</span> <span class='ocrx_word' id='word_1_133' title='bbox 652 2542 826 2634; x_wconf 89' lang='lat' dir='ltr'>quaesunt</span> <span class='ocrx_word' id='word_1_134' title='bbox 837 2534 931 2609; x_wconf 78' lang='lat' dir='ltr'>Deus</span> <span class='ocrx_word' id='word_1_135' title='bbox 946 2532 1029 2629; x_wconf 90' lang='lat' dir='ltr'>sint,</span> <span class='ocrx_word' id='word_1_136' title='bbox 1038 2533 1136 2630; x_wconf 90' lang='lat' dir='ltr'>quod</span> <span class='ocrx_word' id='word_1_137' title='bbox 1151 2531 1246 2609; x_wconf 92' lang='lat' dir='ltr'>dictu</span> <span class='ocrx_word' id='word_1_138' title='bbox 1264 2533 1365 2610; x_wconf 91' lang='lat' dir='ltr'>nefas</span> <span class='ocrx_word' id='word_1_139' title='bbox 1376 2542 1432 2613; x_wconf 89' lang='lat' dir='ltr'>est</span> <span class='ocrx_word' id='word_1_140' title='bbox 1442 2533 1491 2614; x_wconf 78' lang='lat'>⁸.»</span> 
     </span>
    </p>

    <p class='ocr_par' dir='ltr' id='par_1_3' title="bbox 372 2665 1493 2768">
     <span class='ocr_line' id='line_1_17' title="bbox 372 2665 1493 2768; baseline 0.009 -29"><span class='ocrx_word' id='word_1_141' title='bbox 372 2665 467 2742; x_wconf 87' lang='lat' dir='ltr'>Deus</span> <span class='ocrx_word' id='word_1_142' title='bbox 494 2669 620 2768; x_wconf 91' lang='lat' dir='ltr'>bonus,</span> <span class='ocrx_word' id='word_1_143' title='bbox 650 2665 830 2768; x_wconf 56' lang='lat' dir='ltr'>aeternus,</span> <span class='ocrx_word' id='word_1_144' title='bbox 846 2666 1001 2767; x_wconf 87' lang='lat' dir='ltr'>sapiens,</span> <span class='ocrx_word' id='word_1_145' title='bbox 1027 2667 1157 2767; x_wconf 85' lang='lat' dir='ltr'>justus,</span> <span class='ocrx_word' id='word_1_146' title='bbox 1184 2667 1316 2766; x_wconf 90' lang='lat' dir='ltr'>inquo</span> <span class='ocrx_word' id='word_1_147' title='bbox 1349 2702 1367 2736; x_wconf 68' lang='lat' dir='ltr'>a</span> <span class='ocrx_word' id='word_1_148' title='bbox 1399 2673 1493 2749; x_wconf 91' lang='lat' dir='ltr'>nihil</span> 
     </span>
    </p>
   </div>
   <div class='ocr_carea' id='block_1_3' title="bbox 316 2799 1493 3559">
    <p class='ocr_par' dir='ltr' id='par_1_4' title="bbox 316 2799 1493 3559">
     <span class='ocr_line' id='line_1_18' title="bbox 320 2799 1493 2905; baseline 0.009 -30"><span class='ocrx_word' id='word_1_149' title='bbox 320 2799 418 2878; x_wconf 91' lang='lat' dir='ltr'>aliud</span> <span class='ocrx_word' id='word_1_150' title='bbox 439 2809 493 2878; x_wconf 90' lang='lat' dir='ltr'>est</span> <span class='ocrx_word' id='word_1_151' title='bbox 511 2802 581 2879; x_wconf 93' lang='lat' dir='ltr'>nisi</span> <span class='ocrx_word' id='word_1_152' title='bbox 600 2801 697 2902; x_wconf 92' lang='lat' dir='ltr'>quod</span> <span class='ocrx_word' id='word_1_153' title='bbox 716 2811 780 2899; x_wconf 89' lang='lat' dir='ltr'>est,</span> <span class='ocrx_word' id='word_1_154' title='bbox 803 2825 844 2879; x_wconf 88' lang='lat' dir='ltr'>ac</span> <span class='ocrx_word' id='word_1_155' title='bbox 863 2824 927 2901; x_wconf 89' lang='lat' dir='ltr'>per</span> <span class='ocrx_word' id='word_1_156' title='bbox 947 2802 1014 2878; x_wconf 88' lang='lat' dir='ltr'>hoc</span> <span class='ocrx_word' id='word_1_157' title='bbox 1033 2802 1154 2903; x_wconf 92' lang='lat' dir='ltr'>ipsum</span> <span class='ocrx_word' id='word_1_158' title='bbox 1179 2804 1273 2879; x_wconf 90' lang='lat' dir='ltr'>Deus</span> <span class='ocrx_word' id='word_1_159' title='bbox 1296 2801 1385 2905; x_wconf 63' lang='lat' dir='ltr'>eut,</span> <span class='ocrx_word' id='word_1_160' title='bbox 1410 2840 1429 2874; x_wconf 73' lang='lat' dir='ltr'>u</span> <span class='ocrx_word' id='word_1_161' title='bbox 1455 2807 1493 2884; x_wconf 92' lang='lat' dir='ltr'>in</span> 
     </span>
     <span class='ocr_line' id='line_1_19' title="bbox 320 2911 1493 3041; baseline 0.012 -32"><span class='ocrx_word' id='word_1_162' title='bbox 320 2933 411 3011; x_wconf 89' lang='lat' dir='ltr'>libro</span> <span class='ocrx_word' id='word_1_163' title='bbox 442 2938 483 3010; x_wconf 82' lang='lat' dir='ltr'>dc</span> <span class='ocrx_word' id='word_1_164' title='bbox 513 2937 685 3013; x_wconf 78' lang='lat' dir='ltr'>Triuitcte</span> <span class='ocrx_word' id='word_1_165' title='bbox 716 2936 905 3031; x_wconf 70' lang='lat' dir='ltr'>laudatur,</span> <span class='ocrx_word' id='word_1_166' title='bbox 938 2911 975 3011; x_wconf 89' lang='lat' dir='ltr'>in</span> <span class='ocrx_word' id='word_1_167' title='bbox 1003 2938 1176 3041; x_wconf 90' lang='lat' dir='ltr'>opusculo</span> <span class='ocrx_word' id='word_1_168' title='bbox 1208 2944 1328 3018; x_wconf 86' lang='lat' dir='ltr'>autem</span> <span class='ocrx_word' id='word_1_169' title='bbox 1361 2944 1493 3023; x_wconf 82' lang='lat' dir='ltr'>Utrum</span> 
     </span>
     <span class='ocr_line' id='line_1_20' title="bbox 320 3047 1490 3179; baseline 0.013 -36"><span class='ocrx_word' id='word_1_170' title='bbox 320 3071 443 3157; x_wconf 81' lang='lat' dir='ltr'>Pater,</span> <span class='ocrx_word' id='word_1_171' title='bbox 461 3047 556 3147; x_wconf 87' lang='lat' dir='ltr'>idem</span> <span class='ocrx_word' id='word_1_172' title='bbox 571 3069 689 3147; x_wconf 91' lang='lat' dir='ltr'>adhuc</span> <span class='ocrx_word' id='word_1_173' title='bbox 704 3071 907 3173; x_wconf 84' lang='lat' dir='ltr'>expressius</span> <span class='ocrx_word' id='word_1_174' title='bbox 921 3070 1053 3148; x_wconf 89' lang='lat' dir='ltr'>dicitur</span> <span class='ocrx_word' id='word_1_175' title='bbox 1069 3103 1076 3145; x_wconf 91' lang='lat'>:</span> <span class='ocrx_word' id='word_1_176' title='bbox 1097 3105 1114 3140; x_wconf 84' lang='grc'><strong>«</strong></span> <span class='ocrx_word' id='word_1_177' title='bbox 1132 3074 1227 3152; x_wconf 84' lang='lat' dir='ltr'>Deus</span> <span class='ocrx_word' id='word_1_178' title='bbox 1242 3100 1325 3154; x_wconf 87' lang='lat' dir='ltr'>vero</span> <span class='ocrx_word' id='word_1_179' title='bbox 1340 3079 1490 3179; x_wconf 87' lang='lat' dir='ltr'>veritas,</span> 
     </span>
     <span class='ocr_line' id='line_1_21' title="bbox 316 3201 1490 3314; baseline 0.015 -39"><span class='ocrx_word' id='word_1_180' title='bbox 316 3201 465 3299; x_wconf 88' lang='lat' dir='ltr'>justitia,</span> <span class='ocrx_word' id='word_1_181' title='bbox 492 3204 647 3301; x_wconf 85' lang='lat' dir='ltr'>bonitas,</span> <span class='ocrx_word' id='word_1_182' title='bbox 672 3206 941 3308; x_wconf 89' lang='lat' dir='ltr'>omnipotentia,</span> <span class='ocrx_word' id='word_1_183' title='bbox 968 3207 1177 3311; x_wconf 90' lang='lat' dir='ltr'>substantia,</span> <span class='ocrx_word' id='word_1_184' title='bbox 1202 3210 1490 3314; x_wconf 83' lang='lat' dir='ltr'>immutabilitas,</span> 
     </span>
     <span class='ocr_line' id='line_1_22' title="bbox 321 3331 1492 3449; baseline 0.015 -43"><span class='ocrx_word' id='word_1_185' title='bbox 321 3331 444 3426; x_wconf 86' lang='lat' dir='ltr'>virtus,</span> <span class='ocrx_word' id='word_1_186' title='bbox 465 3333 650 3436; x_wconf 86' lang='lat' dir='ltr'>sapientia,</span> <span class='ocrx_word' id='word_1_187' title='bbox 675 3345 710 3414; x_wconf 90' lang='lat' dir='ltr'>et</span> <span class='ocrx_word' id='word_1_188' title='bbox 734 3335 909 3440; x_wconf 89' lang='lat' dir='ltr'>quidquid</span> <span class='ocrx_word' id='word_1_189' title='bbox 929 3339 1137 3440; x_wconf 87' lang='lat' dir='ltr'>hujusmodi</span> <span class='ocrx_word' id='word_1_190' title='bbox 1161 3343 1351 3444; x_wconf 85' lang='lat' dir='ltr'>excogitari</span> <span class='ocrx_word' id='word_1_191' title='bbox 1369 3355 1492 3449; x_wconf 89' lang='lat' dir='ltr'>potest</span> 
     </span>
     <span class='ocr_line' id='line_1_23' title="bbox 320 3465 1492 3559; baseline 0.016 -19"><span class='ocrx_word' id='word_1_192' title='bbox 320 3465 600 3545; x_wconf 86' lang='lat' dir='ltr'>substantialiter</span> <span class='ocrx_word' id='word_1_193' title='bbox 618 3471 663 3547; x_wconf 89' lang='lat' dir='ltr'>de</span> <span class='ocrx_word' id='word_1_194' title='bbox 679 3471 861 3553; x_wconf 87' lang='lat' dir='ltr'>divinitate</span> <span class='ocrx_word' id='word_1_195' title='bbox 880 3475 1048 3552; x_wconf 86' lang='lat' dir='ltr'>dicuntur</span> <span class='ocrx_word' id='word_1_196' title='bbox 1058 3474 1094 3553; x_wconf 83' lang='lat'>¹⁰.</span> <span class='ocrx_word' id='word_1_197' title='bbox 1119 3510 1135 3543; x_wconf 88' lang='lat'>»</span> <span class='ocrx_word' id='word_1_198' title='bbox 1155 3478 1198 3554; x_wconf 94' lang='lat' dir='ltr'>In</span> <span class='ocrx_word' id='word_1_199' title='bbox 1213 3477 1306 3554; x_wconf 90' lang='lat' dir='ltr'>idem</span> <span class='ocrx_word' id='word_1_200' title='bbox 1321 3479 1492 3559; x_wconf 89' lang='lat' dir='ltr'>recidunt</span> 
     </span>
    </p>
   </div>
   <div class='ocr_carea' id='block_1_4' title="bbox 346 3833 787 4622">
    <p class='ocr_par' dir='ltr' id='par_1_5' title="bbox 351 3833 583 3900">
     <span class='ocr_line' id='line_1_24' title="bbox 351 3833 583 3900; baseline 0.03 -19"><span class='ocrx_word' id='word_1_201' title='bbox 351 3836 360 3869; x_wconf 89' lang='lat'>¹</span> <span class='ocrx_word' id='word_1_202' title='bbox 384 3833 471 3896; x_wconf 73' lang='lat' dir='ltr'>Gonu,</span> <span class='ocrx_word' id='word_1_203' title='bbox 486 3837 506 3898; x_wconf 98' lang='grc' dir='ltr'>Ι,</span> <span class='ocrx_word' id='word_1_204' title='bbox 519 3851 543 3900; x_wconf 93' lang='lat' dir='ltr'>p.</span> <span class='ocrx_word' id='word_1_205' title='bbox 559 3840 583 3888; x_wconf 85' lang='lat'>5.</span> 
     </span>
    </p>

    <p class='ocr_par' dir='ltr' id='par_1_6' title="bbox 349 3911 612 3979">
     <span class='ocr_line' id='line_1_25' title="bbox 349 3911 612 3979; baseline 0.027 -19"><span class='ocrx_word' id='word_1_206' title='bbox 349 3915 361 3946; x_wconf 83' lang='lat'>²</span> <span class='ocrx_word' id='word_1_207' title='bbox 384 3911 473 3975; x_wconf 72' lang='lat' dir='ltr'>Cone,</span> <span class='ocrx_word' id='word_1_208' title='bbox 490 3916 533 3976; x_wconf 86' lang='grc' dir='ltr'>ΙΙΙ,</span> <span class='ocrx_word' id='word_1_209' title='bbox 548 3931 573 3979; x_wconf 90' lang='lat' dir='ltr'>p.</span> <span class='ocrx_word' id='word_1_210' title='bbox 589 3918 612 3967; x_wconf 84' lang='grc'>6.</span> 
     </span>
    </p>

    <p class='ocr_par' dir='ltr' id='par_1_7' title="bbox 350 3991 600 4060">
     <span class='ocr_line' id='line_1_26' title="bbox 350 3991 600 4060; baseline 0.024 -20"><span class='ocrx_word' id='word_1_211' title='bbox 350 3993 361 4027; x_wconf 79' lang='lat'><strong>³</strong></span> <span class='ocrx_word' id='word_1_212' title='bbox 384 3991 471 4057; x_wconf 70' lang='lat' dir='ltr'>Coun,</span> <span class='ocrx_word' id='word_1_213' title='bbox 484 3994 525 4053; x_wconf 81' lang='lat' dir='ltr'>tv.</span> <span class='ocrx_word' id='word_1_214' title='bbox 538 4011 564 4060; x_wconf 78' lang='lat' dir='ltr'>p,</span> <span class='ocrx_word' id='word_1_215' title='bbox 578 3999 600 4045; x_wconf 85' lang='lat'>5.</span> 
     </span>
    </p>

    <p class='ocr_par' dir='ltr' id='par_1_8' title="bbox 347 4070 621 4138">
     <span class='ocr_line' id='line_1_27' title="bbox 347 4070 621 4138; baseline 0.022 -16"><span class='ocrx_word' id='word_1_216' title='bbox 347 4072 360 4106; x_wconf 80' lang='lat'>⁸</span> <span class='ocrx_word' id='word_1_217' title='bbox 382 4070 470 4137; x_wconf 73' lang='lat' dir='ltr'>cona,</span> <span class='ocrx_word' id='word_1_218' title='bbox 482 4073 527 4135; x_wconf 85' lang='lat'>111,</span> <span class='ocrx_word' id='word_1_219' title='bbox 542 4089 567 4138; x_wconf 85' lang='lat' dir='ltr'>p.</span> <span class='ocrx_word' id='word_1_220' title='bbox 581 4076 621 4129; x_wconf 88' lang='lat' dir='ltr'>to.</span> 
     </span>
    </p>

    <p class='ocr_par' dir='ltr' id='par_1_9' title="bbox 347 4150 450 4204">
     <span class='ocr_line' id='line_1_28' title="bbox 347 4150 450 4204; baseline 0.039 -4"><span class='ocrx_word' id='word_1_221' title='bbox 347 4152 359 4186; x_wconf 81' lang='lat'>⁸</span> <span class='ocrx_word' id='word_1_222' title='bbox 379 4150 450 4204; x_wconf 82' lang='lat' dir='ltr'>Ibid.</span> 
     </span>
    </p>

    <p class='ocr_par' dir='ltr' id='par_1_10' title="bbox 346 4231 599 4298">
     <span class='ocr_line' id='line_1_29' title="bbox 346 4231 599 4298; baseline 0.012 -15"><span class='ocrx_word' id='word_1_223' title='bbox 346 4233 359 4266; x_wconf 78' lang='lat'>⁸</span> <span class='ocrx_word' id='word_1_224' title='bbox 380 4231 467 4292; x_wconf 69' lang='lat' dir='ltr'>Gens..</span> <span class='ocrx_word' id='word_1_225' title='bbox 481 4233 522 4293; x_wconf 79' lang='grc' dir='ltr'>Ν,</span> <span class='ocrx_word' id='word_1_226' title='bbox 535 4249 560 4298; x_wconf 87' lang='lat' dir='ltr'>p.</span> <span class='ocrx_word' id='word_1_227' title='bbox 573 4237 599 4286; x_wconf 87' lang='grc'>6.</span> 
     </span>
    </p>

    <p class='ocr_par' dir='ltr' id='par_1_11' title="bbox 347 4311 449 4363">
     <span class='ocr_line' id='line_1_30' title="bbox 347 4311 449 4363; baseline 0.02 -2"><span class='ocrx_word' id='word_1_228' title='bbox 347 4313 359 4346; x_wconf 86' lang='lat'>&#39;¹</span> <span class='ocrx_word' id='word_1_229' title='bbox 379 4311 449 4363; x_wconf 83' lang='lat' dir='ltr'>Ibid.</span> 
     </span>
    </p>

    <p class='ocr_par' dir='ltr' id='par_1_12' title="bbox 346 4392 787 4541">
     <span class='ocr_line' id='line_1_31' title="bbox 347 4392 787 4465; baseline 0.034 -27"><span class='ocrx_word' id='word_1_230' title='bbox 347 4393 359 4425; x_wconf 83' lang='lat'>⁸</span> <span class='ocrx_word' id='word_1_231' title='bbox 381 4392 517 4450; x_wconf 86' lang='lat' dir='ltr'>Quomodo</span> <span class='ocrx_word' id='word_1_232' title='bbox 531 4397 624 4460; x_wconf 71' lang='lat' dir='ltr'>cubat„</span> <span class='ocrx_word' id='word_1_233' title='bbox 637 4399 721 4465; x_wconf 89' lang='lat' dir='ltr'>Peip.,</span> <span class='ocrx_word' id='word_1_234' title='bbox 734 4401 787 4454; x_wconf 84' lang='lat' dir='ltr'>tro.</span> 
     </span>
     <span class='ocr_line' id='line_1_32' title="bbox 346 4470 701 4541; baseline 0.034 -24"><span class='ocrx_word' id='word_1_235' title='bbox 346 4470 358 4503; x_wconf 81' lang='lat'>⁸</span> <span class='ocrx_word' id='word_1_236' title='bbox 379 4470 419 4520; x_wconf 85' lang='lat' dir='ltr'>De</span> <span class='ocrx_word' id='word_1_237' title='bbox 431 4471 538 4538; x_wconf 77' lang='lat' dir='ltr'>Trinit,</span> <span class='ocrx_word' id='word_1_238' title='bbox 553 4475 636 4541; x_wconf 77' lang='lat' dir='ltr'>Peip„</span> <span class='ocrx_word' id='word_1_239' title='bbox 648 4478 701 4528; x_wconf 82' lang='lat'><strong>157.</strong></span> 
     </span>
    </p>

    <p class='ocr_par' dir='ltr' id='par_1_13' title="bbox 348 4548 778 4622">
     <span class='ocr_line' id='line_1_33' title="bbox 348 4548 778 4622; baseline 0.037 -25"><span class='ocrx_word' id='word_1_240' title='bbox 348 4549 377 4583; x_wconf 84' lang='lat'>¹⁰</span> <span class='ocrx_word' id='word_1_241' title='bbox 397 4548 493 4602; x_wconf 82' lang='lat' dir='ltr'>Utrum</span> <span class='ocrx_word' id='word_1_242' title='bbox 506 4553 597 4618; x_wconf 78' lang='lat' dir='ltr'>Pater,</span> <span class='ocrx_word' id='word_1_243' title='bbox 609 4556 711 4622; x_wconf 75' lang='lat' dir='ltr'>Perper,</span> <span class='ocrx_word' id='word_1_244' title='bbox 727 4562 778 4613; x_wconf 77' lang='lat' dir='ltr'>ror.</span> 
     </span>
    </p>
   </div>
   <div class='ocr_carea' id='block_1_5' title="bbox 0 0 1624 5468">
    <p class='ocr_par' dir='ltr' id='par_1_14' title="bbox 0 0 1624 5468">
     <span class='ocr_line' id='line_1_34' title="bbox 0 0 1624 5468; baseline 0 3"><span class='ocrx_word' id='word_1_245' title='bbox 0 0 1624 5468; x_wconf 95' lang='lat' dir='ltr'> </span> 
     </span>
    </p>
   </div>
  </div>
 </body>
</html>
