3240 5468
753 493 793 505 --
826 453 949 522 ibt-

267 649 329 750 qni
353 650 419 723 bas
448 645 690 722 mutationum
722 642 910 718 varietates
938 664 1084 716 manens
1115 641 1192 742 ipse
1218 640 1445 744 disponeret.

271 784 383 857 «Hoc
407 777 580 879 quidquid
599 787 653 854 est
680 800 751 875 quo
775 776 916 851 condita
944 783 1089 851 manent
1113 787 1220 874 atque
1248 774 1443 874 agitantur,

267 899 396 987 usitato
412 909 547 986 cunctis
566 908 739 983 vocabulo
760 911 873 982 [teum
893 908 1038 982 nomino
1054 909 1076 982 ¹.
1102 941 1117 971 n
1139 909 1226 1004 Ergo
1243 905 1302 1004 qui
1317 904 1446 981 varias

267 1042 389 1119 mundi
413 1049 530 1142 partes
550 1041 587 1115 in
609 1064 721 1114 unum
742 1039 935 1139 conjunxit,
961 1036 1018 1135 qui
1040 1045 1113 1109 tam
1138 1042 1273 1109 certum
1299 1043 1445 1109 naturae

265 1174 426 1252 ordinem
441 1173 608 1266 continet,
625 1171 686 1270 qui
703 1172 841 1270 primus
853 1176 970 1246 moret
986 1177 1020 1243 et
1036 1166 1144 1266 agitat
1158 1166 1274 1240 omnia
1291 1165 1443 1239 condita

265 1329 360 1380 unus
375 1313 440 1402 est,
457 1311 492 1378 et
507 1304 601 1378 huno
618 1304 727 1378 iteum
750 1302 910 1377 nominat

318 1441 578 1536 Argumentum
599 1436 649 1511 sio
668 1434 804 1510 dietum
824 1435 1078 1530 coscuolopioum
1098 1432 1237 1506 duabus
1257 1431 1442 1530 praecipue

263 1569 350 1644 locis
365 1568 545 1667 eleganter
564 1567 714 1668 explicat
736 1566 889 1658 Boetius,
916 1567 1000 1639 dum
1024 1564 1062 1639 in
1083 1563 1211 1658 herbis,
1235 1562 1439 1657 arboribus,

264 1701 578 1800 animantibusque
606 1733 622 1764 a
651 1697 869 1776 subsistendi
895 1695 1150 1797 appetentiam,
1176 1727 1191 1759 o
1214 1692 1443 1793 qua'unum·

262 1835 428 1932 quodque
453 1831 614 1907 subsistit
632 1854 673 1906 ac
692 1832 734 1905 iu
753 1831 886 1903 ciuitate
910 1823 1106 1927 pormanet,
1133 1826 1397 1925 contemplatur
1411 1824 1438 1900 ³.

264 1967 362 2040 Tunc
399 1964 560 2040 ordinem
594 1989 714 2039 rerum
753 1962 967 2056 coelestium,
996 1959 1247 2034 conversiones
1281 1958 1368 2034 solis
1402 1971 1441 2033 et

261 2093 366 2188 lunae,
385 2094 615 2193 siderumque
630 2095 807 2188 omnium,
830 2094 947 2168 uarias
968 2094 1050 2168 anni
1073 2103 1277 2193 temporum
1296 2093 1439 2168 vicissi-

262 2225 416 2321 tudines,
438 2225 544 2302 etiam
565 2225 752 2301 bominum
772 2239 872 2300 actus
892 2224 936 2300 ad
957 2249 1140 2300 summum
1160 2226 1438 2324 gubernatorem

262 2380 303 2432 ac
320 2367 493 2431 rectorem
508 2358 621 2432 Deum
639 2367 811 2455 tanquam
827 2357 872 2431 ad
888 2380 1080 2455 supernam
1097 2380 1242 2432 oausam
1259 2356 1395 2431 reducit
1410 2355 1437 2434 ³.

996 2592 1433 2602 —fflm

296 2721 305 2753 ¹
330 2720 502 2782 Consol.,lll,
515 2735 554 2783 pr.
570 2720 607 2771 tn.

295 2800 341 2867 'a
357 2797 443 2857 Quum
460 2799 555 2849 herbas
572 2804 651 2862 atque
665 2800 770 2849 arbores
787 2800 930 2861 intuearis,
952 2802 1064 2864 primum
1087 2802 1136 2851 sibi
1158 2802 1373 2852 conuenientibus
1393 2803 1436 2852 iu-

261 2878 334 2930 nasci
345 2880 417 2940 locis,
431 2878 484 2938 ubi,
497 2883 624 2942 quantum
637 2893 727 2928 earum
741 2884 833 2929 natura
844 2886 931 2943 queat,
946 2881 997 2930 cito
1009 2894 1161 2932 exarescere
1172 2885 1250 2945 atque
1262 2881 1370 2930 interire
1382 2896 1436 2930 non

261 2959 368 3024 possint.
381 2957 449 3007 Nam
461 2957 518 3007 aliae
530 2956 636 3020 quidem
651 2958 758 3019 campis,
774 2956 830 3006 attae
846 2958 976 3006 montibus
991 2958 1118 3020 oriuntur,
1135 2960 1199 3009 alias
1213 2959 1299 3009 lerunt
1317 2960 1436 3022 paludes.

260 3037 319 3088 aliae
340 3037 408 3086 saxis
426 3035 535 3096 haerent,
555 3035 664 3084 aliarum
685 3035 802 3084 fecundae
822 3040 883 3084 sunt
902 3035 1005 3084 steriles
1016 3050 1111 3094 arenae,
1124 3051 1188 3100 quas
1208 3037 1229 3086 si
1249 3037 1276 3086 in
1295 3038 1346 3087 alia
1363 3039 1438 3102 quis-

261 3118 332 3180 piam
343 3118 399 3165 loca
411 3115 552 3164 transferre
566 3119 683 3173 conetur,
696 3120 823 3164 arescant.
847 3116 896 3164 Sed
910 3115 954 3164 dat
970 3116 1062 3177 cuique
1076 3119 1168 3163 natura
1181 3115 1249 3177 quod
1263 3117 1393 3178 convenit,
1409 3124 1438 3166 et

261 3209 304 3254 ne,
317 3195 379 3243 durn
394 3207 502 3241 manere
515 3198 631 3254 possunt,
644 3193 782 3254 intereant,
796 3193 919 3243 elaborat.
933 3192 1009 3254 Quid,
1022 3192 1090 3256 quod
1103 3206 1203 3254 ornnes,
1221 3193 1290 3241 velut
1304 3192 1330 3242 in
1350 3199 1437 3246 terras

263 3287 307 3322 ore
322 3273 452 3330 demerso,
467 3270 574 3319 trahunt
592 3270 716 3320 alimenta
735 3271 872 3332 radicibus,
891 3286 986 3334 anper
1005 3272 1140 3330 medullaS,
1160 3272 1238 3321 robur
1253 3273 1437 3337 ¹corticemque

260 3350 429 3401 diffundunt?
449 3349 525 3410 Quid,
545 3351 615 3412 quod
635 3350 819 3400 mollissimum
843 3352 978 3414 quodque,
1001 3351 1078 3400 sicuti
1097 3352 1212 3401 medulla
1232 3357 1285 3412 est,
1309 3351 1436 3403 interiore

260 3444 364 3494 semper
385 3431 447 3479 sede
467 3429 624 3491 reconditur,
647 3434 719 3478 extra
740 3444 801 3478 vero
822 3430 933 3492 quadam
952 3430 1016 3492 ligni
1038 3430 1162 3480 firmitate
1183 3431 1299 3495 tegitur3
1326 3433 1436 3483 ultimus

261 3514 348 3558 autem
361 3514 448 3558 cortex
461 3509 599 3558 adversum
611 3509 670 3558 eceli
680 3508 862 3571 intemperiem
875 3510 948 3571 quasi
960 3511 1022 3558 mali
1034 3509 1134 3572 patiens
1146 3510 1266 3559 defensor
1277 3511 1437 3574 opponitur?

260 3588 318 3638 lam
332 3603 394 3637 vero
407 3593 503 3651 quanta
522 3594 562 3638 est
580 3595 680 3638 naturae
700 3589 844 3652 diligentia,
868 3594 895 3637 ut
914 3593 1007 3651 cuncta
1026 3589 1126 3638 semine
1147 3589 1318 3652 multiplicato
1339 3603 1435 3654 propa-

262 3673 356 3732 gentur
370 3685 376 3716 :
389 3682 447 3730 quae
466 3668 553 3717 omnia
565 3683 617 3718 nou
636 3669 761 3717 modoad
778 3674 881 3731 tempus
893 3669 1026 3726 manendi,
1046 3683 1137 3717 vorum
1156 3669 1301 3733 generatim
1319 3683 1434 3733 quoque,

261 3748 334 3811 quasi
349 3748 375 3795 in
387 3753 541 3811 perpetuam
553 3748 734 3811 permanendi,
748 3749 827 3797 veluti
836 3748 961 3810 quasdam
973 3747 1108 3797 machinas
1122 3761 1179 3797 esse
1193 3747 1251 3811 quis
1263 3749 1384 3798 nesciat?
1398 3750 1436 3799 Ea

260 3825 340 3875 etiam
352 3840 409 3887 quae
421 3826 563 3877 inanimata
576 3843 633 3878 esse
646 3829 797 3890 creduntur,
808 3841 895 3876 nonne
904 3827 972 3888 qaod
984 3842 1060 3875 suum
1072 3832 1111 3877 est
1122 3841 1231 3890 queque
1243 3827 1322 3876 simili
1333 3827 1435 3877 ratione

261 3904 409 3954 desiderant
420 3905 535 3969 (consol.
548 3907 592 3967 lIl,
606 3921 645 3969 pr.
658 3906 706 3967 11).

294 3985 306 4016 ⁸
328 3982 446 4044 consol,
458 3983 503 4033 lib.
514 3984 536 4043 l,
548 3988 610 4034 met.
626 3986 650 4034 5.

601 4108 617 4151 0
627 4109 719 4153 stelliferi
734 4110 825 4153 conditor
835 4112 898 4156 orbis.

600 4181 638 4232 Qui
649 4185 743 4233 perpetuo
754 4182 813 4224 nixus
826 4183 884 4232 sotio,

599 4252 676 4306 Rapido
687 4253 758 4296 cotum
772 4253 852 4297 turbine
862 4264 938 4302 versat,

599 4324 708 4377 Legemque
718 4324 758 4376 pati
770 4324 836 4367 sidere
847 4326 909 4379 cogis.

600 4393 625 4435 Ut
636 4405 689 4436 nanc
699 4395 758 4446 pleno
767 4394 834 4439 lacida
843 4406 904 4438 corna

598 4461 673 4505 Fratris
683 4463 730 4505 totis
740 4463 799 4505 obvia
807 4463 890 4506 flammis

598 4532 674 4577 Condat
687 4534 757 4577 stettar
770 4534 817 4576 tuna
827 4534 921 4579 minores.
