3240 5468
720 426 895 504 ..59-

223 617 411 716 consentit,
433 620 508 719 jam
534 618 666 695 desinit
695 637 772 698 esse
801 629 836 697 et
858 620 1074 698 christianus
1099 631 1135 700 et
1156 623 1210 701 vir
1236 626 1391 725 probus3
1503 641 1506 647 ’

223 751 318 852 quod
336 759 455 828 tamen
472 751 598 828 nolunt
608 750 632 826 ii
649 751 771 852 critici,
787 775 871 829 nam
886 753 1048 830 Boetium
1069 755 1354 857 «philosophum
1371 792 1387 826 n

222 891 256 961 et
275 915 290 950 «
309 907 466 962 romanae
479 883 652 962 libertatis
668 882 858 985 vindicem,
879 922 896 955 »
914 887 1141 965 innocentem
1158 898 1193 967 et
1208 893 1391 992 magnani-

222 1041 324 1094 mum
338 1019 544 1119 praedicant.
560 1019 712 1120 Interea,
729 1040 823 1097 anno
841 1031 878 1096 ut
897 1020 1035 1098 ridetur
1056 1016 1144 1122 523,
1161 1022 1299 1100 delator
1314 1025 1391 1126 qui·

222 1149 319 1246 dam,
346 1148 564 1252 Cyprianus¹
596 1151 749 1251 uomina,
774 1153 848 1253 qui,
873 1178 892 1231 e
916 1154 1014 1255 regia
1033 1156 1140 1232 domo
1164 1157 1210 1233 ad
1236 1158 1391 1235 referen-

222 1282 311 1360 darii
334 1306 465 1360 munus
484 1293 692 1385 accesserat,
709 1295 912 1364 senatorem
927 1288 1105 1387 Albinum,
1123 1289 1240 1367 virum
1259 1314 1392 1368 consu-

222 1419 333 1496 larem
348 1417 488 1495 incusat
510 1448 524 1482 r
549 1418 646 1518 quod
665 1419 799 1497 litteras
819 1422 989 1498 adversus
1009 1444 1158 1523 reguum
1183 1422 1390 1525 imperatori

223 1550 361 1629 tustino
395 1551 541 1628 miserit.
586 1583 601 1618 r
643 1552 887 1653 Interrogatus
928 1552 1094 1652 Albinus,
1138 1578 1218 1632 curn
1258 1557 1392 1634 lactum

222 1692 378 1786 negaret,
400 1716 415 1752 c
451 1693 527 1760 tum
542 1683 687 1762 Boetius
708 1685 876 1786 patricius
895 1687 956 1787 qui
981 1688 1146 1788 Magister
1169 1687 1392 1768 officiorum¹

128 1895 130 1898 ,
227 1856 241 1890 a
274 1826 361 1916 erat,
393 1818 432 1894 in
460 1827 654 1919 conspectu
681 1819 774 1920 ragis
806 1819 933 1899 dixit:
973 1820 1078 1897 Falsa
1112 1830 1166 1899 est
1198 1821 1391 1902 insinuatio

227 1984 242 2021 s
274 1951 453 2053 Cypriani,
479 1952 542 2028 sed
563 1950 591 2028 si
613 1951 758 2029 Albinus
773 1953 869 2049 fecit,
884 1961 919 2030 et
933 1978 1009 2055 ego,
1027 1964 1061 2031 et
1075 1962 1225 2031 cunctus
1245 1962 1391 2032 senatus

227 2119 241 2152 »
274 2110 345 2164 uno
372 2087 520 2165 consilio
543 2087 704 2184 lecimus,
730 2086 861 2165 falsum
887 2096 953 2186 est,
978 2087 1127 2166 Domine
1145 2086 1252 2168 llerr³⁸
1278 2127 1293 2162 »
1320 2092 1392 2166 riu-

220 2220 362 2299 diamue
389 2221 497 2298 etiam
525 2221 688 2299 Boetium
713 2222 756 2299 de
778 2220 896 2297 Albini
911 2242 953 2299 ac
973 2223 1081 2299 totius
1101 2231 1246 2300 senatus
1262 2222 1392 2301 delen-

221 2355 320 2432 sione
334 2362 595 2432 memorantem
612 2384 621 2429 ε
642 2388 659 2421 «
678 2356 727 2432 Ne
744 2354 911 2432 Albinum
926 2356 1152 2433 consularem
1168 2355 1285 2433 virum
1300 2378 1392 2459 prar-

218 2487 388 2589 judieatae
409 2489 647 2566 accusationis
675 2513 781 2591 poena
808 2490 1001 2592 corriperet
1027 2490 1117 2567 odiis
1145 2515 1202 2567 me
1225 2491 1392 2592 Cypriani

221 2622 391 2700 delatoris
414 2621 617 2723 opposui...
645 2630 681 2698 at
704 2626 808 2723 cujus
832 2623 993 2700 criminis
1015 2624 1197 2724 arguimur
1213 2648 1393 2702 summam

221 2755 378 2856 quaeris?
394 2757 566 2833 Senatum
580 2757 732 2833 dicimur
751 2757 888 2833 salvum
906 2781 983 2834 esse
1001 2757 1165 2837 voluisse.
1182 2803 1233 2814 -
1250 2758 1393 2836 Modum

222 2890 436 2969 desideras?
460 2933 510 2946 -
536 2890 749 2991 Delatorem,
774 2914 819 2966 ne
843 2890 1058 2967 documenta
1087 2889 1239 2966 deferret
1264 2890 1392 2991 quibus

256 3254 266 3290 ⁴
287 3252 412 3314 Cassiod„
426 3253 501 3316 Ver„
514 3252 557 3304 lib.
573 3254 614 3317 vl,
626 3253 701 3305 form.
715 3254 762 3319 ll3
777 3255 930 3320 Anonymus
944 3270 950 3305 ε
971 3272 981 3301 ι
996 3254 1139 3319 Cyprianus
1150 3253 1263 3318 quitum
1274 3251 1392 3302 releren-

221 3333 309 3385 darius
321 3337 385 3397 erat,
401 3339 490 3397 postea
502 3349 590 3386 comes
602 3349 735 3386 sacrarum
747 3338 774 3384 et
784 3335 918 3398 magister.
935 3353 946 3381 r

254 3416 266 3449 ¹
284 3413 343 3464 lam
356 3413 468 3465 diximus
478 3415 541 3465 huic
557 3414 709 3466 Ollieiorum
730 3413 845 3476 llagistri
860 3415 966 3466 muneri>
983 3414 1102 3464 Boetiurn
1121 3413 1250 3477 imparem
1269 3412 1348 3462 luisse
1361 3422 1393 3462 ex
1474 3482 1476 3485 .

221 3499 274 3545 tota
286 3495 326 3545 sui
337 3494 435 3560 ingenii
447 3498 474 3544 et
487 3495 569 3545 animi
586 3500 687 3546 natura.
703 3496 769 3546 Cum
781 3495 813 3545 de
831 3495 931 3545 caeteris
944 3494 1035 3543 officiis
1048 3508 1079 3542 ac
1093 3491 1261 3557 dignitatibus
1277 3506 1336 3556 quae
1349 3490 1392 3541 in-

221 3576 306 3626 duerit
315 3575 421 3626 Boetius
430 3570 529 3625 mentio
539 3575 568 3625 irt
578 3575 605 3624 in
615 3575 804 3636 Consolatione,
815 3576 846 3624 de
856 3575 907 3624 hoc
917 3574 1066 3625 Officiorum
1078 3570 1231 3639 magisterio
1239 3586 1273 3623 ue
1284 3572 1393 3623 verbum

221 3655 328 3721 quidem
342 3656 464 3717 occurrit,
477 3654 539 3705 inde
551 3655 748 3719 supponendum
761 3654 927 3716 anonymum
938 3667 1031 3716 parum
1043 3651 1162 3716 diligenti
1177 3650 1301 3700 vocabulo
1317 3664 1391 3701 usum

222 3729 300 3787 luisse
319 3739 348 3784 ut
360 3733 473 3798 aperiret
487 3734 605 3785 Boetium
628 3739 693 3784 onte
713 3734 781 3783 altos
801 3748 816 3782 e
835 3738 933 3782 senatu
955 3733 1097 3794 deputatos
1120 3745 1212 3781 eoram
1233 3745 1293 3794 rege
1313 3732 1394 3782 uerba

221 3813 326 3874 feciaae.
347 3814 389 3864 lter
406 3813 514 3878 conjicit
538 3814 705 3866 Schiindelen
725 3814 825 3878 (Tlreot.
844 3806 1059 3873 ditaratarblutt',
1081 3824 1141 3862 ann.
1165 3801 1235 3870 tall,
1256 3811 1306 3861 col.
1327 3809 1391 3876 603).

257 3894 269 3928 ³
287 3892 420 3956 Objiciunt
438 3893 482 3943 alii
498 3909 552 3942 non
571 3907 658 3942 raram
672 3892 755 3943 Boetii
774 3891 991 3942 intercessionem
1004 3891 1037 3941 ad
1056 3890 1237 3954 reprimendas
1251 3890 1393 3942 Gothorum

222 3973 326 4038 rapinas
338 3973 392 4024 sive
405 3974 434 4024 in
445 3974 558 4038 privatos
566 3973 696 4034 homiues,
708 3973 764 4023 sive
775 3973 803 4022 in
814 3973 898 4035 ipsam
909 3972 1016 4020 domum
1029 3971 1138 4035 regiam,
1149 3971 1287 4034 juntahaec
1297 3971 1392 4022 verba:

225 4072 235 4100 r
255 4052 361 4113 Quoties
375 4069 424 4120 ego
437 4054 605 4119 Conigastum
623 4054 651 4102 in
669 4052 793 4102 imbecilli
816 4053 942 4116 cujusque
963 4052 1078 4101 fortunas
1099 4050 1227 4114 impeturn
1253 4051 1393 4101 facientem

225 4152 235 4181 r
254 4134 344 4184 obvius
356 4134 465 4197 excepit
482 4133 588 4194 Quoties
601 4132 753 4196 Triguillam
763 4131 842 4196 regiae
853 4132 1021 4194 praepositum
1031 4131 1123 4180 domus
1134 4131 1167 4180 ab
1178 4131 1292 4194 incoepta
1303 4143 1393 4193 perpe-

225 4234 236 4263 r
255 4220 320 4267 trata
331 4217 387 4280 jam
399 4216 494 4280 injuria
506 4214 629 4277 dejeci...!
647 4232 656 4260 r
671 4213 739 4262 haud
752 4212 827 4262 facile
842 4212 962 4276 intelligi,
982 4211 1038 4260 sine
1053 4210 1178 4274 dignitate
1190 4206 1314 4272 magistri
1327 4203 1391 4272 offi-

223 4298 336 4348 ciorum.
350 4298 399 4347 Ast
410 4296 589 4359 reponendum
600 4294 632 4344 ab
645 4294 766 4342 omnibus
779 4298 869 4343 notum
882 4291 961 4342 fuisse
973 4289 1090 4340 Boetium
1104 4294 1133 4338 ut
1145 4288 1294 4338 Latinorum
1306 4287 1393 4338 desen·

223 4391 310 4429 sorem
322 4391 354 4428 ac
373 4380 514 4440 patronum
534 4379 624 4424 contra
645 4373 789 4424 Gothorum
802 4372 949 4435 auaritiam3
972 4371 1032 4419 inde
1054 4369 1086 4419 ad
1099 4378 1160 4419 eum
1176 4379 1208 4417 ex
1228 4367 1299 4416 omni
1318 4370 1391 4430 parte

222 4456 300 4522 regni
310 4456 431 4521 qraerelae
441 4454 583 4505 destinatas
595 4467 661 4517 esse,
673 4457 750 4517 atque
762 4454 798 4503 ita
811 4466 857 4516 pro
870 4466 916 4502 sua
927 4450 1054 4516 dignitate
1070 4447 1120 4499 viri
1136 4447 1278 4498 consularis
1291 4456 1322 4498 ac
1342 4460 1389 4514 pa-

222 4534 291 4586 tricii
310 4536 378 4600 apud
392 4549 483 4605 regem
499 4534 678 4589 intercessisse
690 4532 832 4583 verisimile
846 4536 893 4582 est.
