3240 5468
772 458 951 528 ..qq-⁴

162 644 164 650 ’
273 652 496 753 spernendus
510 658 563 729 est
584 649 760 749 errorqui
779 648 881 726 nullo
901 637 993 726 duce
1008 648 1152 750 regitur,
1170 648 1231 726 sed
1256 660 1388 731 temere
1404 679 1451 733 ac

273 784 408 886 passim
448 785 640 886 lymphans
677 781 875 884 raptatur¹.
917 782 1034 859 Habet
1075 782 1171 859 enim
1214 785 1451 888 philosophia

276 950 293 984 α
318 942 421 995 suam
441 919 576 994 Ducem
586 914 610 1016 ²,
635 951 651 984 ι»
673 939 788 1015 quae«
812 914 933 1015 copias
948 938 1033 991 suas
1053 949 1069 983 ι
1093 914 1131 991 in
1150 948 1166 982 α
1185 939 1306 993 arcem
1326 952 1342 987 »
1363 944 1450 997 con·

271 1050 389 1127 trahit.
408 1053 498 1130 Dum
521 1051 768 1150 improborum
783 1047 958 1126 exercitus
971 1048 1145 1125 valentior
1161 1049 1306 1127 inutiles
1321 1051 1450 1153 diripit

271 1183 481 1280 sarcinulas,
501 1206 568 1259 nos
587 1182 624 1257 in
648 1206 739 1271 arce,
760 1205 890 1282 nempe
909 1205 986 1256 com
1006 1183 1105 1256 Duce
1123 1196 1245 1258 oestro
1265 1182 1447 1283 collocati,

274 1315 470 1418 «desuper
500 1314 698 1392 inridemus
726 1313 899 1392 vilissima
921 1336 1043 1389 rerum
1063 1337 1223 1413 quaequae
1247 1315 1446 1415 rapientes,

271 1451 383 1525 securi
398 1450 508 1526 totius
522 1446 647 1523 furiosi
667 1448 854 1545 tumultus,
870 1469 985 1544 eoque
999 1445 1090 1522 vallo
1107 1446 1234 1522 muniti
1250 1471 1323 1548 quo
1339 1474 1449 1550 gras-

273 1583 367 1660 santi
385 1581 544 1658 stultitiae
560 1580 741 1682 adspirare
761 1579 814 1656 las
830 1603 902 1657 non
919 1579 968 1655 ¹sit
979 1576 1003 1656 ³.
1024 1615 1041 1648 t

325 1718 412 1804 Quae
428 1722 463 1793 et
476 1715 592 1815 qualis
607 1714 722 1791 sitilla
739 1749 754 1782 «
775 1712 902 1814 patria,
924 1713 1128 1813 »adquam
1146 1716 1274 1792 reverti
1291 1718 1449 1818 cupiunt

271 1848 445 1945 homines,
475 1871 572 1925 nunc
606 1849 753 1948 quidem
781 1880 797 1914 ι
832 1845 952 1922 miseri
979 1846 1206 1947 exsulesque,
1240 1850 1447 1950 »repetitis

218 1978 221 1982 ’
270 1979 406 2057 vicibus
429 1979 581 2080 explicat
604 1979 760 2058 Boetius.
784 1981 906 2079 Ipsam
929 1979 1028 2056 enim
1050 1986 1154 2056 vocat
1179 2013 1197 2047 «
1224 1979 1402 2080 regnum*
1424 2018 1443 2053 »

271 2112 473 2213 evangelico
491 2113 663 2190 vocabulo
688 2137 786 2210 usus,
802 2121 837 2188 et
861 2143 875 2178 α
899 2112 1048 2189 domum
1067 2148 1084 2180 ι
1108 2113 1153 2189 ad
1172 2137 1281 2214 quam
1297 2137 1447 2194 necesse

269 2257 324 2324 est
345 2286 360 2319 «
379 2272 456 2326 sese
476 2247 513 2324 iu
534 2247 645 2324 altum
665 2246 825 2324 attollere
836 2245 861 2345 ⁵,
882 2279 896 2314 n
915 2256 983 2323 et«
1005 2246 1170 2349 patriam,
1186 2271 1297 2348 quam
1318 2273 1446 2351 sospes
1533 2334 1536 2335 f

272 2378 451 2458 revisere⁶
472 2415 487 2451 r
510 2388 622 2480 optat,
649 2390 685 2458 et
707 2381 853 2457 deorum
874 2389 913 2455 ut
932 2381 1151 2480 Augustinus
1172 2382 1248 2482 ipse
1271 2416 1287 2450 α
1313 2384 1445 2461 ciuita-

273 2510 368 2591 tem⁷
387 2545 402 2577 a
424 2538 444 2589 a
464 2537 547 2612 qua,
568 2537 640 2590 non
664 2514 809 2614 quidem
834 2514 959 2615 pulsos
983 2522 1037 2591 est
1064 2514 1220 2611 Boetius,
1245 2517 1320 2616 sed,
1351 2519 1446 2595 siout

272 2646 404 2742 caeteri,
431 2680 446 2713 α
471 2645 659 2724 aberravit.
681 2682 698 2714 ι
722 2647 849 2723 Totum
864 2646 960 2724 huno
975 2646 1094 2723 locum
1109 2646 1307 2727 exscribere
1325 2648 1445 2751 liceat,

271 2779 346 2879 qui,
371 2789 493 2857 nostra
511 2779 656 2879 quidem
677 2780 864 2879 sententia,
881 2780 938 2857 vel
958 2779 1110 2876 nullum,
1132 2781 1186 2858 vel
1206 2781 1444 2860 christianum

273 2921 411 2990 tautum
431 2937 580 2992 sensum
599 2913 757 3010 involvit,
774 2922 807 2990 et
827 2922 881 2990 est
895 2920 1028 2990 nostrae
1047 2913 1155 2990 totius
1179 2913 1443 3014 disquisitionis

271 3046 507 3124 decretorium
523 3071 564 3123 ac
578 3047 828 3123 firmissimum
847 3054 1109 3146 argumentum.

329 3212 346 3246 α
370 3182 459 3255 Cum
475 3185 520 3273 te,
535 3178 653 3276 inquit
672 3178 913 3280 Philosophia,
927 3191 1095 3255 moestum
1112 3180 1443 3283 lacrymantemque

276 3345 294 3380 »
325 3311 505 3409 vidissem,
530 3310 624 3387 illico
643 3311 815 3388 miserum
836 3312 1047 3412 exutamque
1064 3314 1222 3413 cognovi.
1241 3315 1311 3390 Sed
1331 3339 1442 3414 quam

278 3477 293 3509 ι
325 3443 359 3520 id
383 3441 621 3545 longinquum
640 3454 734 3522 esset
752 3444 909 3545 exilium,
931 3445 997 3520 nisi
1016 3452 1078 3521 tua
1094 3446 1308 3546 prodidisset
1325 3449 1442 3524 oratio

272 3750 611 3762 *ι--ι--ιο-

229 3928 231 3931 ·
306 3925 315 3958 ¹
337 3921 455 3981 (torreat,
468 3922 514 3973 liu.
526 3922 548 3984 l,
560 3936 598 3986 pr.
612 3922 637 3974 3.

305 4005 316 4037 ¹
336 4000 406 4054 Ibtd.
1414 4071 1417 4074 .

304 4083 317 4117 ¹
339 4101 349 4129 r
363 4084 459 4133 Verum
471 4082 514 4133 illa
533 4083 678 4134 rectissima
690 4084 824 4148 disciplina
838 4089 887 4146 est,
909 4085 939 4134 in
951 4097 1042 4134 arcem
1060 4083 1125 4147 fidet
1139 4099 1217 4148 quam
1232 4085 1345 4136 maxime
1359 4087 1441 4157 recipi

271 4163 398 4224 infirmos
409 4166 438 4214 ut
445 4176 492 4228 pro
505 4163 543 4214 eis
551 4164 607 4227 jam
618 4166 752 4215 tutissime
762 4165 851 4229 positis
861 4165 1000 4215 fortissima
1013 4165 1114 4214 ratione
1126 4170 1254 4228 pugnetur
1272 4164 1306 4227 (S.
1319 4164 1440 4227 August,

271 4243 358 4308 Epist.
371 4244 408 4293 ud
419 4244 540 4295 Dioscor.
555 4244 610 4305 118,
625 4257 655 4294 n⁰
667 4245 714 4310 33).
731 4264 740 4291 u

305 4328 318 4362 ⁸
339 4326 454 4383 Gomol„
468 4324 513 4377 lib.
528 4326 569 4390 IV,
581 4340 620 4390 pr.
635 4325 659 4376 1.

307 4407 319 4440 ³
338 4405 408 4456 Ibid.
424 4406 461 4457 Cl.
477 4406 587 4470 Ephes„
602 4419 638 4470 ru,
654 4406 677 4455 8.
693 4407 841 4457 ascendens
854 4406 970 4458 Christus
985 4408 1011 4457 in
1023 4407 1105 4458 altum
1110 4441 1162 4463 .....

306 4488 318 4520 ⁶
340 4487 453 4548 Gooeol,
465 4485 510 4536 lib.
524 4486 568 4549 111,
581 4501 620 4550 pr.
634 4488 672 4536 lt.

317 4557 320 4564 '
340 4565 456 4631 Censet,
469 4565 515 4619 lib.
529 4565 550 4629 1,
565 4579 604 4633 pr.
616 4566 642 4618 5.
