3240 5468
751 438 928 512 ..72-

258 631 335 732 ipse
350 631 411 728 uit,
426 631 682 732 probationibus
699 630 945 731 propugnavit.
962 632 1045 708 lino
1063 639 1103 708 ut
1118 632 1305 710 manifeste
1320 635 1431 731 finnt,

258 764 362 841 nobis
374 763 411 840 in
426 763 547 841 animo
560 772 615 840 est
629 787 808 865 perpauca
823 763 867 840 de
883 763 1061 841 Boetiunae
1076 765 1310 868 philosophie
1330 768 1431 868 prin-

257 896 360 1000 o'ipiis
375 896 542 994 delibare,
555 896 648 972 circu
661 895 850 977 facultates
865 897 993 973 onimoe
1007 906 1043 976 et
1057 921 1178 974 rerum
1187 899 1431 999 cognitionem

258 1029 541 1131 requirendum,
573 1028 666 1105 eiroo
701 1027 935 1126 universalia,
970 1029 1063 1106 circu
1094 1032 1272 1131 objectum
1306 1040 1430 1110 metu-

256 1161 414 1264 physioae
438 1160 692 1250 otdootrinum
710 1158 755 1237 de
775 1161 906 1258 oensis,
925 1162 969 1239 de
988 1163 1073 1260 Deo,
1094 1162 1138 1240 de
1157 1162 1279 1242 divine
1301 1166 1429 1242 Provi-

256 1294 378 1373 dentia
393 1301 428 1372 et
446 1293 573 1371 ultimo
588 1291 743 1372 hominis
758 1293 840 1370 fine.

308 1430 392 1505 Haeo
408 1427 588 1528 proeoipue
602 1425 786 1527 disputata
800 1426 871 1502 sint
890 1433 1015 1504 eontra
1032 1427 1248 1505 Nitzsohium
1266 1430 1328 1530 qui
1349 1429 1430 1508 hoec

255 1565 327 1641 duo
345 1564 477 1640 diserte
491 1562 616 1640 usserit
633 1594 641 1639 :
659 1561 823 1639 Boetium
835 1585 907 1639 non
923 1587 1002 1639 esse
1022 1562 1331 1665 philosophemur
1345 1589 1429 1664 pro-

252 1701 339 1798 ferro
368 1696 621 1790 christianum,
649 1697 728 1796 ejus
756 1694 953 1772 doctrinam
979 1695 1205 1798 nullopoeto
1232 1722 1316 1776 oum
1352 1700 1428 1777 fide

254 1830 450 1909 christiane
470 1829 654 1908 conciliari
669 1853 775 1931 posse
794 1829 817 1908 ¹.

307 1963 426 2041 Primo
442 1988 526 2065 ergo
543 1963 588 2041 de
605 1962 785 2043 Boetinnoe
804 1962 1038 2064 philosophie
1063 1962 1248 2066 principiis
1270 1964 1428 2043 breuiter

254 2098 493 2175 tractandum.

682 2480 810 2552 CAPUT
833 2480 999 2553 PRIMUM.

469 2817 515 2872 DE
538 2817 723 2876 BOETIANAE
746 2817 991 2876 PHILOSOPHIAE
1014 2817 1210 2872 PRINCIPIIS.

310 3100 479 3178 Omnium
508 3099 697 3177 hominum
723 3099 853 3175 animis
883 3098 1000 3176 inesse
1028 3101 1238 3199 flagrantem
1269 3101 1341 3178 veri
1374 3103 1427 3180 in·

255 3231 455 3332 vestigandi
474 3253 636 3308 umorem
655 3231 787 3308 diserte
810 3232 939 3308 usserit
964 3231 1108 3309 Boetius
1123 3231 1147 3307 ³.
1176 3229 1278 3310 Hunc
1304 3244 1427 3312 eutem

257 3364 413 3443 scientiae
432 3364 643 3465 appetitum,
660 3363 785 3441 lieetin
805 3366 972 3466 presenti
989 3364 1201 3465 mortalique
1219 3365 1427 3445 conditione

257 3498 381 3578 multis
406 3496 452 3577 de
472 3497 589 3576 causis
610 3505 833 3576 attenuatum
857 3498 1033 3599 optimum
1049 3521 1228 3597 quemque
1245 3499 1366 3577 lovere
1389 3509 1426 3576 et

291 3826 301 3860 ¹
324 3825 385 3876 Haec
396 3825 446 3876 tria
457 3823 548 3876 asserit
561 3823 708 3875 Nitzschius
719 3825 752 3874 de
765 3824 855 3874 Boetio
870 3823 914 3874 :1⁰
927 3824 957 3873 In
969 3822 1073 3873 etlmien
1086 3821 1257 3888 philosophia,
1267 3821 1350 3873 Boetii
1362 3823 1425 3876 doc·

257 3906 353 3956 trinam
364 3905 489 3969 radicari3
509 3906 536 3954 2⁰
549 3904 668 3955 Boetium
679 3919 733 3956 non
745 3919 801 3957 esse
814 3905 998 3971 philosophum
1008 3917 1070 3955 rere
1084 3907 1111 3954 et
1128 3917 1160 3954 ex
1175 3902 1290 3968 professo
1302 3902 1425 3955 christia—

256 3998 334 4049 num,
347 3984 373 4036 3ο
385 3984 447 4049 Ejus
467 3985 613 4036 doctrinam
633 3984 704 4036 nrulo
718 3991 793 4050 pacto
814 4000 875 4037 oum
888 3985 940 4037 fide
961 3984 1101 4038 christiana
1121 3981 1254 4036 conciliari
1267 3996 1342 4047 posse
1355 3983 1426 4047 (Dos

255 4069 355 4131 rustum
365 4066 411 4117 der
422 4065 562 4128 Boeotius,
573 4065 670 4130 Berlin,
684 4065 754 4127 1860,
766 4083 791 4132 p.
806 4068 869 4130 174.)

552 4198 563 4231 ¹
585 4195 625 4241 Sed
634 4207 669 4242 our
679 4195 749 4250 (monol
760 4199 815 4241 tuoto
825 4197 897 4252 flagret
904 4207 970 4242 amoro

587 4269 635 4314 Veri
652 4272 713 4313 tentae
723 4269 893 4322 reperiremus?

588 4341 657 4386 Scitne
666 4340 718 4394 qnod
728 4341 803 4394 appetit
812 4341 871 4384 auxia
880 4345 958 4385 noire?

585 4413 625 4458 Sed
634 4414 679 4467 quir
688 4416 736 4458 noto
746 4413 797 4457 noire
807 4413 905 4476 laboratu

585 4485 613 4532 tu
621 4484 639 4529 ri
649 4484 720 4536 uruit,
730 4483 778 4538 quid
787 4493 838 4528 ouon
846 4484 911 4537 uentu

732 4563 823 4620 (cunt.
833 4565 861 4619 V,
873 4568 910 4611 nt.
919 4566 950 4621 3).
