3240 5468
730 447 924 518 -168-

243 668 361 740 usum,
379 667 459 720 cum
476 640 698 743 sapientibus
716 639 754 715 in
773 639 844 715 fide
860 647 894 714 et
909 638 946 713 iu
966 636 1116 738 pertidia
1135 633 1407 736 desipientibus,

242 777 293 854 sio
316 776 443 852 vividae
470 775 616 851 rationis
642 773 815 850 conlectio
839 772 1002 873 proficiat
1024 770 1228 868 artificioso,
1251 777 1292 844 ut
1312 767 1409 843 nullu

241 907 361 1011 religio
390 910 486 1009 quod
517 909 642 984 miscet
668 905 869 983 nbominori
897 905 1038 998 audeat,
1069 903 1137 978 nisi
1168 902 1230 1000 qui
1260 900 1414 977 rationis

239 1067 366 1143 expers
384 1040 470 1120 esth
496 1078 512 1106 »
530 1041 616 1117 lude
640 1039 847 1138 intelligitur
870 1038 1033 1113 Boetium
1056 1035 1218 1112 consulto
1245 1034 1411 1111 omisisse
1451 1058 1462 1127 3

238 1177 513 1255 christianorum
537 1178 745 1276 dogmatum
769 1173 1039 1275 expositionem,
1059 1179 1098 1247 ut
1121 1171 1294 1246 nimirum
1319 1169 1412 1246 suoi·
1463 1204 1466 1213 ·

237 1310 305 1389 lius
336 1313 479 1388 Judaeos
503 1319 538 1388 et
567 1313 706 1387 Graecos
729 1310 775 1386 ud
803 1308 930 1385 Christi
960 1306 1174 1408 sapientium
1201 1305 1411 1382 adduceret.

238 1445 330 1531 Quid
354 1470 439 1521 vero
463 1452 588 1522 contro
612 1444 777 1521 Boetium
800 1468 841 1520 er
867 1443 934 1519 hnc
958 1440 1117 1518 nominis
1142 1439 1271 1515 Christi
1296 1439 1411 1515 omis·

237 1576 337 1654 sione
366 1578 678 1655 concludendum?
703 1576 850 1678 Scripsit
876 1578 917 1652 D.
947 1575 1165 1675 Augustinus
1196 1583 1276 1674 post
1304 1598 1410 1650 sunm

236 1712 505 1790 conversionem
538 1711 670 1788 lihrum
698 1714 739 1786 de
767 1712 958 1811 quontitate
985 1710 1124 1799 enimn,
1160 1708 1197 1784 in
1228 1732 1306 1808 quo
1337 1733 1412 1785 non

235 1845 380 1943 quidem
395 1845 603 1921 nominetur
618 1846 789 1944 Christus,
801 1846 866 1922 sed
878 1843 988 1922 semel
1002 1852 1174 1920 tuntum«
1192 1843 1251 1919 Dei
1262 1843 1373 1920 filius.
1391 1878 1408 1911 n

234 1978 403 2078 Apprime
427 1987 527 2055 notat
559 1980 597 2054 [l.
627 1979 728 2054 Remi
757 1977 896 2055 Ceillier
923 1979 960 2053 in
990 1985 1063 2053 toto
1092 1977 1138 2052 de
1168 1979 1202 2052 S.
1234 1976 1411 2053 Trinitnto

233 2111 343 2186 Boetii
369 2110 460 2188 lihro
485 2111 613 2187 nullibi
637 2111 764 2187 Christi
788 2137 921 2189 nomeu
944 2135 1153 2204 occurrere3
1181 2134 1223 2186 oc
1245 2111 1292 2187 de
1315 2110 1410 2188 lihro

235 2239 491 2321 Consolationis
509 2245 557 2322 ito
577 2246 743 2346 opinatur
759 2274 767 2320 ε
786 2245 815 2322 si
837 2247 967 2323 Christi
991 2269 1123 2322 nomen
1144 2245 1256 2339 obest,
1278 2245 1419 2345 optimi·

233 2369 417 2446 christiani
437 2394 565 2447 sensus
583 2369 842 2452 declarantur².

288 2497 388 2570 llnnc
404 2505 523 2572 tomen
540 2495 702 2572 Glareoni
721 2505 845 2574 contra
864 2496 1026 2573 Boetium
1042 2497 1234 2572 conflatam
1251 2520 1409 2573 accuso·

235 2628 368 2704 tionem
398 2629 664 2728 amplectuntur
695 2653 736 2708 nc
771 2639 915 2707 tuentur
941 2639 1116 2731 quotquot
1143 2655 1162 2706 e
1195 2631 1321 2706 cestris
1356 2632 1409 2708 sic

234 2761 336 2838 dictoe
357 2765 628 2862 Reformutt'onie
642 2773 724 2866 post
744 2765 959 2842 Glareanum
979 2764 1208 2865 scripserunt,
1226 2762 1406 2858 Bertius³,

235 2894 443 2997 renoldust,
461 2900 775 3000 Schleiermooher,
787 2901 903 2999 Hnnd,
916 2900 1102 2996 Obhorius,
1117 2899 1315 2998 Schlosser,
1331 2899 1408 2976 Gie-

232 3029 730 3127 soler⁵,Nitrschius⁶etnlii

1011 3213 1414 3228 *m

265 3292 273 3326 ¹
295 3290 433 3355 Polycrat,
447 3292 491 3342 lib.
504 3293 559 3358 Vll,
572 3309 594 3344 c.
608 3308 653 3357 xv,
666 3296 762 3362 lligne‚
776 3303 840 3347 tom.
854 3297 962 3359 CXCIX,
980 3299 1030 3349 col.
1048 3299 1104 3349 632.

262 3375 273 3406 ¹
296 3372 365 3422 Hist.
380 3374 440 3435 perr.
454 3374 500 3424 des
512 3382 568 3425 arnt.
582 3378 686 3438 eccles,
699 3383 762 3428 torn.
775 3379 828 3439 XV,
843 3394 867 3441 p.
881 3378 927 3429 584
942 3395 947 3428 :
964 3397 973 3424 r
989 3379 1009 3428 ll
1021 3385 1061 3428 est
1073 3379 1088 3429 t
1098 3394 1252 3443 remarquer
1268 3380 1348 3443 qu‘on
1360 3382 1405 3446 n'y

228 3463 366 3516 remarque
381 3453 453 3517 (dans
465 3456 490 3503 le
501 3455 586 3505 Traite'
599 3457 631 3506 de
644 3458 668 3507 la
684 3458 791 3524 Trinite')
806 3473 852 3522 pas
871 3473 924 3508 une.
938 3459 1010 3508 seule
1031 3459 1079 3508 lois
1092 3460 1117 3508 le
1131 3474 1193 3508 nom
1212 3460 1403 3512 lesus-Christ.

227 3532 301 3583 Ainsi
314 3534 472 3600 l’argument
483 3536 515 3586 de
528 3536 668 3587 Glareanus
680 3540 768 3589 tomhe
781 3541 813 3590 de
825 3541 974 3590 lui-meme.
984 3540 1062 3591 Aussi
1073 3546 1157 3590 a·t·ou
1171 3541 1294 3589 continue
1307 3541 1406 3605 depuis

226 3612 377 3679 &regarder
390 3617 429 3666 les
439 3616 518 3666 lieres
532 3618 564 3666 de
576 3618 601 3667 la
616 3618 783 3670 consolation
805 3635 909 3671 comme
921 3611 992 3671 etant
1011 3621 1245 3671 indubitablement
1255 3621 1288 3670 de
1305 3621 1402 3673 Boece.

226 3692 253 3744 Si
266 3695 318 3743 l'on
330 3697 372 3761 n'y
386 3696 416 3746 lit
427 3712 473 3760 pos
493 3698 518 3747 lc
538 3713 601 3748 nom
614 3700 646 3749 de
660 3701 847 3765 lesus-Christ,
861 3716 894 3750 on
906 3716 923 3766 y
936 3707 1027 3752 trouve
1041 3704 1066 3752 le
1080 3702 1222 3751 sentiment
1233 3702 1294 3750 d’nn
1305 3702 1404 3764 parfait

224 3773 378 3825 chretien.n

258 3858 269 3890 ³
292 3855 394 3908 Consol.
414 3860 515 3922 philos.
535 3860 593 3912 Edit
613 3864 723 3927 londin,
745 3881 772 3929 p.
792 3864 842 3916 30:
858 3883 868 3912 r
884 3866 952 3916 Nam
964 3865 1078 3929 primum
1094 3879 1148 3914 non
1163 3867 1202 3914 est
1214 3863 1402 3917 verisimile...

224 3951 286 3986 eum
307 3938 351 4001 qui
372 3940 404 3989 de
425 3941 452 3992 S.
479 3942 613 3994 Trinitotc
635 3944 663 3994 in
685 3959 790 3996 carcere
812 3946 923 4010 scripsit,
949 3945 1154 3997 consolationem
1169 3945 1197 3994 in
1212 3944 1329 3994 adversis
1345 3960 1402 3996 non

223 4017 328 4079 petiisse
342 4032 373 4068 ex
387 4020 523 4084 disciplina
534 4022 658 4074 Christi...
674 4044 684 4071 r

253 4100 266 4133 ⁴
291 4095 624 4162 Unporteiz'scheKirchen
634 4105 931 4158 undKetzer-Historie.
940 4106 1008 4157 Edit.
1017 4107 1214 4169 Schatlhausen,
1223 4105 1292 4166 1840,
1301 4121 1327 4168 p.
1340 4106 1398 4158 860.

221 4178 298 4229 Scine
318 4181 421 4232 Biieher
443 4197 502 4233 vom
524 4184 615 4235 Troste
639 4187 685 4237 der
714 4189 878 4255 philosophia
898 4190 991 4256 zeigerr
1012 4189 1099 4239 nichts
1119 4188 1236 4253 weniger
1257 4187 1296 4236 als
1317 4170 1403 4237 cineri

220 4257 339 4307 Christen
361 4275 404 4322 an,
427 4261 515 4311 indenr
537 4263 618 4313 Keino
636 4265 761 4318 Periodus
783 4270 856 4319 dorin
879 4284 925 4318 aus
947 4268 1116 4318 christlichen
1136 4266 1272 4330 principiis
1293 4265 1399 4329 sseusst,

218 4338 331 4388 sondern
353 4340 436 4390 lauter
456 4341 608 4393 heidnische
629 4344 806 4411 Trostgriinde
827 4351 935 4399 werden
957 4348 1104 4412 angettihrt.
1130 4365 1140 4394 t
1161 4346 1199 4395 Er
1219 4346 1260 4394 his
1278 4345 1401 4409 sequitur

218 4416 358 4468 christiano
373 4421 427 4470 viro
450 4437 502 4472 non
515 4424 594 4473 licere
609 4426 641 4473 de
658 4427 806 4477 renitatihus
828 4445 902 4479 mere
918 4428 1101 4492 philosophicis
1115 4433 1226 4478 tractare
1238 4427 1300 4490 quin
1315 4439 1398 4490 paga-

217 4497 304 4547 nitatis
317 4505 404 4549 notnm
419 4502 541 4553 incurrat.

251 4580 262 4611 Β
283 4579 357 4643 Apud
371 4581 444 4640 Bnur,
457 4598 481 4646 p.
496 4584 534 4634 18.

249 4660 261 4693 ⁶
284 4659 340 4710 Dos
351 4664 455 4726 system
470 4663 517 4714 der
528 4665 664 4732 Boethius,
678 4682 758 4734 pagos
770 4669 810 4732 88,
824 4669 880 4730 tn,
893 4669 949 4734 rto,
963 4671 1009 4722 158
1021 4677 1047 4722 et
1061 4671 1115 4722 159.
