3240 5468
729 412 951 526 -se-¹

238 651 252 707 »ὀ
283 643 463 722 hominem
479 644 654 722 aestimare
669 664 742 722 non
758 647 884 749 possis.
902 646 1055 724 Avaritia
1076 647 1186 726 fervet
1202 649 1405 727 alienarum

236 784 258 843 »'
282 802 392 880 opum
419 779 595 857 violentus
619 783 788 880 ereptor?
811 780 901 881 Lupi
934 782 1084 860 similem
1114 782 1255 861 dixeris.
1286 785 1405 862 Ferox

236 893 259 976 »⁴
283 920 389 1012 etque
408 913 548 1014 inquies
565 912 724 1014 linguam
739 912 857 1014 litigiis
877 911 1037 992 exercet?
1057 914 1143 992 Cani
1161 917 1402 1018 comparabis.

160 1121 161 1124 ,
236 1077 250 1110 u
282 1045 475 1124 lnsldiator
489 1046 637 1125 occultis
652 1046 872 1146 subripuisse
888 1046 1075 1124 fraudibus
1091 1049 1249 1150 gaudet?
1269 1049 1405 1151 Vulpe-

235 1213 251 1247 »
283 1179 371 1258 culis
386 1188 599 1281 exaequetur.
617 1180 682 1258 tre
692 1175 935 1281 intemperans
946 1180 1226 1259 fremitlleonis
1237 1183 1404 1261 animum

237 1348 251 1382 a
283 1322 420 1414 gestare
447 1314 622 1391 credatur.
649 1314 805 1392 Pauidus
829 1304 998 1415 ac'lugax
1023 1339 1096 1392 nou
1116 1317 1310 1394 metuenda
1330 1317 1404 1395 for-

237 1477 251 1510 »
284 1447 423 1527 midai?
456 1447 575 1526 Cervis
611 1445 737 1524 similis
777 1447 961 1526 habeatur.
997 1449 1122 1551 Segnis
1157 1473 1198 1528 ac
1235 1451 1403 1552 stupidus

237 1616 250 1649 u
282 1586 425 1683 torpet?
451 1582 607 1659 'hsinum
641 1581 737 1661 vivit.
768 1583 870 1659 [evis
899 1590 1006 1683 atque
1035 1583 1243 1661 inconstans
1273 1585 1402 1663 ¹studia

235 1749 249 1781 v
273 1720 488 1819 permutat?
512 1716 606 1793 Nihil
630 1716 675 1794 ab
698 1715 822 1793 avibus
846 1715 1113 1816 differt.l⁴'oedis
1132 1717 1402 1820 immundisque

234 1851 248 1941 i
280 1831 486 1927 libidinibus
500 1843 747 1952 immergitur?
763 1848 921 1926 Sordidae
932 1849 1007 1928 suis
1016 1850 1196 1950 voluptate
1206 1851 1399 1932 detinetur.

234 2020 248 2052 a
279 1985 332 2060 Ita
361 1986 402 2082 fit
429 1993 467 2060 ut
495 1985 571 2084 qui,
601 1984 778 2086 probitate
809 1983 964 2084 deserta,
992 1984 1101 2061 horno
1132 2008 1210 2061 esse
1239 1985 1399 2084 desierit,

234 2092 249 2189 i
279 2123 392 2224 quum
407 2117 445 2195 in
467 2118 624 2196 divinam
644 2116 884 2195 conditionem
906 2117 1057 2195 transire
1081 2100 1154 2218 non
1173 2119 1296 2220 possit,
1313 2144 1402 2198 vera

233 2283 247 2316 v
281 2237 375 2329 tatur
392 2252 430 2329 in
453 2251 645 2329 belluam¹.
675 2282 690 2316 υ
720 2252 803 2327 Haec
823 2258 996 2351 quantum
1023 2244 1156 2328 distent
1176 2240 1402 2354 asrythago-

228 2398 372 2475 reorum
406 2411 447 2464 ae
471 2384 753 2463 ¹Manichaeorum
785 2382 1027 2462 deliramentis
1056 2404 1162 2461 nemo
1190 2379 1263 2461 non
1287 2385 1400 2465 videt:

229 2519 430 2597 Absolvitur
447 2545 531 2621 ergo
546 2519 691 2598 Boetius
713 2521 758 2596 ab
782 2543 900 2595 errare
921 2536 1029 2620 quem
1047 2515 1117 2619 ipsi
1140 2518 1334 2618 imponunt
1354 2522 1399 2599 de

218 2646 487 2756 ¹praeriistentia
508 2653 707 2732 animarum
723 2651 746 2732 ².

1005 2877 1398 2895 m

260 3001 270 3034 ¹
289 2997 403 3059 Censet,
418 2997 462 3048 lib.
477 2998 519 3060 IV,
534 3013 572 3060 pr.
586 2998 610 3047 3.

258 3081 270 3112 ¹
286 3078 380 3128 lltrum
396 3077 480 3127 Boetii
496 3077 668 3140 philosophia,
685 3083 712 3127 ut
725 3079 810 3142 placet
824 3076 964 3139 Nitzsohio‚
985 3078 1101 3127 ethnicae
1119 3078 1300 3141 philosophiae
1319 3081 1397 3130 radi-

224 3161 312 3218 cetur,
326 3170 418 3220 parum
435 3168 570 3216 curamus,
593 3169 655 3205 nam
672 3155 777 3205 ethnica
792 3153 967 3218 philosophia,
989 3169 1046 3205 ooo
1066 3157 1174 3218 quidem
1195 3163 1226 3206 ut
1247 3160 1361 3208 ethnico
1381 3175 1396 3210 a

224 3236 372 3286 christianis
386 3235 521 3299 refellitur,
536 3237 582 3285 sed
602 3241 633 3285 ‘ut
654 3251 767 3285 erronea
783 3236 811 3285 tra
833 3236 1004 3298 quibusdam.
1030 3237 1103 3296 Quod
1126 3243 1215 3286 autem
1232 3237 1397 3286 Alexandri-

222 3329 328 3374 norum,
348 3320 376 3365 et
397 3315 532 3378 speciatim
553 3315 649 3376 Procli,
671 3329 772 3366 errores
793 3315 945 3365 devitaverit
965 3314 1069 3365 Boetius
1084 3331 1132 3378 per
1147 3330 1175 3365 se
1190 3320 1269 3378 patet.
1288 3316 1397 3375 Corrstet

223 3396 295 3446 enirn
307 3395 364 3445 haec
377 3395 463 3444 Procli
477 3395 639 3460 philosophia
653 3396 698 3444 :1⁰
715 3395 882 3445 Pantheismo
899 3396 1053 3459 dualistico;
1076 3396 1102 3445 ΞΟ
1120 3396 1241 3445 Triadum
1258 3397 1396 3449 arbitraria

222 3475 410 3539 productione3
436 3475 463 3525 3ο
488 3475 597 3535 Exstasi‚
622 3475 733 3538 propriae
756 3475 856 3524 scilicet
876 3480 902 3525 et
917 3475 1067 3547 *individuae
1091 3475 1223 3525 rationalis
1248 3477 1396 3528 existentiae

221 3556 378 3621 negatione·;
396 3557 422 3607 l⁰
436 3556 518 3614 Adde,
533 3556 601 3620 quod
623 3556 778 3607 miserrimis
796 3555 1045 3606 contradictionibus
1062 3556 1170 3618 laborat,
1193 3557 1264 3618 dum,
1287 3572 1320 3607 ex
1342 3572 1395 3609 una

218 3642 304 3700 parte,
316 3637 404 3686 ¹Deum
417 3636 592 3696 immobilem,
606 3635 791 3685 indivisibilem
804 3639 830 3685 et
846 3634 1089 3698 imparticipabilem
1105 3634 1245 3698 praedicat3
1262 3639 1394 3689 exaltem

220 3726 303 3784 perte,
316 3717 490 3768 essentialiter
502 3732 549 3780 per
561 3720 643 3766 totum
656 3717 784 3766 mundum
798 3715 929 3777 diffusum,
944 3714 984 3764 via
1000 3715 1101 3765 scilicet
1114 3713 1295 3764 emanationis
1303 3729 1314 3776 ,·
1329 3715 1395 3766 dum

218 3798 313 3848 divinae
326 3797 497 3847 Providentiae
509 3796 640 3845 fatalimus
653 3795 682 3845 in
697 3797 752 3860 ipsa
766 3795 812 3845 Dei
825 3795 939 3846 essentia
950 3795 1128 3858 substituitur;
1145 3794 1208 3843 dum
1218 3792 1320 3843 nullum
1336 3793 1393 3856 jam

220 3874 307 3923 existit
318 3877 460 3924 malum'eo
473 3875 542 3938 quod
553 3876 640 3925 omnia
654 3876 801 3926 necessaria
813 3875 872 3938 lege
886 3875 1105 3938 producuntur....
1117 3879 1179 3936 eta,
1192 3877 1242 3923 etc.
1256 3872 1303 3938 (Gi.
1321 3872 1393 3923 Jules

215 3953 404 4016 'Simomfflet
419 3955 452 4004 de
464 3954 564 4006 l'Eoole
581 3955 696 4025 d'Aleaa,
707 3955 790 4016 Paris,
805 3954 874 4015 tete,
894 3959 912 4003 t.
930 3954 962 4016 Il,
980 3969 1005 4017 p.
1021 3953 1077 4016 481,
1091 3954 1147 4014 561,
1163 3953 1218 4017 563,
1234 3953 1290 4018 5⁵10,
1306 3955 1355 4006 573
1366 3959 1393 4006 et

217 4035 273 4085 517.
287 4034 544 4085 Hetteoismoaund
556 4032 770 4093 Christeutlium,
782 4038 887 4083 auctore
900 4033 1014 4093 Kellner,
1028 4032 1151 4093 Coloniae,
1164 4031 1235 4097 18663
1254 4032 1327 4086 Hist.
1341 4035 1390 4099 ph.

218 4129 296 4177 praec.
319 4121 432 4166 et'rorn.
445 4129 479 4165 eae
497 4115 617 4176 fantium
637 4117 701 4164 tacis
717 4121 852 4176 carucata,
871 4114 1033 4178 collegerunt
1049 4114 1133 4164 Ritter
1149 4119 1176 4164 et
1191 4113 1301 4178 Preller,
1320 4114 1389 4180 1357.

219 4196 316 4258 Gothos,
329 4197 355 4246 2¹¹
369 4196 442 4256 edit,
454 4210 480 4259 p.
496 4197 542 4246 633
556 4201 583 4245 et
594 4198 668 4260 seql.
