3240 5468
763 457 940 525 -9a.‚

271 681 289 712 α
313 648 365 722 lta
383 670 525 746 quoque
546 646 737 746 generibus
752 658 786 723 et
802 646 1006 748 speciebus,
1026 647 1061 723 id
1080 656 1135 726 ast
1149 647 1389 750 singularitati
1404 660 1441 729 et

269 779 529 856 universalitati
546 803 659 857 unum
674 780 822 880 quidem
836 780 1041 881 subiectum
1058 789 1135 877 est3
1156 782 1219 859 sed
1239 781 1310 861 olio
1329 785 1441 862 modo

269 913 470 991 universale
483 921 538 990 est
557 937 640 989 cum
654 913 839 1014 rogitatur,
859 913 931 991 alio
945 913 1125 1014 singulare
1139 939 1222 993 cum
1238 916 1389 994 sentitur
1403 917 1442 993 in

262 1045 375 1124 rebus
390 1046 446 1123 bis
464 1047 500 1123 in
517 1046 648 1147 quibus
663 1047 771 1124 babet
784 1072 865 1125 esse
879 1071 999 1124 suum.
1021 1047 1085 1123 His
1105 1048 1212 1148 igitur
1228 1049 1442 1149 terminatis,

268 1182 395 1270 omnia
409 1188 450 1256 ut
470 1181 635 1281 arbitror,
648 1183 789 1282 quaetio
804 1182 971 1258 dasolata
986 1196 1045 1258 cst.
1072 1218 1088 1250 ι
1107 1183 1224 1259 boetii
1251 1183 1444 1284 responsio

265 1315 364 1412 juxta
377 1313 575 1392 Aristotelis
585 1315 800 1393 sententiam
812 1315 953 1416 tradita,
965 1323 1041 1394 erat
1056 1317 1332 1394 substantialiter
1344 1340 1443 1416 nera,

270 1468 356 1524 nam
372 1446 587 1526 universalia
602 1448 796 1526 subsistere
810 1450 848 1526 in
865 1450 1025 1551 potentia
1038 1449 1076 1526 in
1086 1448 1328 1550 singularibus
1343 1449 1444 1527 affir-

270 1581 404 1678 mabat,
425 1605 539 1681 eoque
553 1597 681 1682 prater
697 1578 879 1682 corpora¹,
895 1582 1103 1682 permeatis
1119 1581 1402 1661 abstractionem
1420 1607 1443 1659 a

270 1713 532 1792 conditionibus
548 1715 867 1812 individuantibus,
884 1716 1046 1816 intelligi.
1074 1716 1123 1792 aa
1148 1723 1202 1793 est
1216 1716 1315 1794 enim
1330 1717 1443 1794 intel-

269 1847 382 1925 lectus
397 1858 528 1925 natura
542 1858 582 1926 ut
593 1848 841 1950 apprehendat
853 1847 1067 1927 universalia
1081 1849 1120 1926 in
1134 1849 1386 1951 singularibus.

323 1971 474 2060 Omnem
497 1993 618 2060 autem
645 1983 853 2083 questionis
882 1981 1128 2061 difficultatem
1154 1984 1334 2061 sublatam
1364 2010 1445 2064 esse

270 2140 342 2194 non
367 2117 582 2217 opinabatur
605 2117 683 2219 ipse
708 2117 874 2215 Boetius,
899 2117 987 2194 dum
1013 2117 1069 2194 his
1087 2116 1206 2197 verbis
1225 2120 1445 2196 sententiam

270 2490 406 2551 perspecta
426 2485 457 2536 iit
477 2487 594 2551 species3
617 2501 729 2551 quarum
744 2487 891 2551 specierum
907 2503 998 2539 rursus
1012 2488 1180 2539 diuersarum,
1191 2486 1355 2540 considerata
1372 2488 1449 2539 mmi-

271 2567 363 2630 litudo,
378 2582 436 2632 quae
447 2567 498 2618 nisi
510 2568 537 2616 in
548 2568 609 2631 ipsis
621 2568 758 2631 speciebus
769 2572 814 2617 aut
827 2569 855 2617 in
866 2583 957 2618 earum
974 2568 1113 2618 individuis
1125 2582 1183 2618 esse
1194 2581 1248 2616 non
1261 2572 1357 2631 potest,
1370 2568 1452 2618 efficit

272 2661 372 2713 genris3
383 2647 470 2711 itaque
480 2645 539 2696 baec
551 2651 612 2697 sunt
623 2646 730 2710 quidem
741 2647 770 2696 in
783 2646 960 2711 singularibus
970 2646 1064 2710 (ibid,
1074 2650 1124 2698 col.
1135 2646 1183 2711 ⁸5).

305 2730 314 2762 ¹
338 2728 400 2778 llaec
414 2727 497 2776 Boetii
507 2727 587 2777 verba
601 2742 607 2778 :
622 2743 632 2773 a
646 2726 712 2777 Sunt
723 2727 802 2792 igitur
815 2727 965 2791 hujusmodi
980 2741 1023 2777 res
1040 2727 1216 2792 (Universalia)
1230 2727 1258 2776 in
1269 2727 1449 2791 corporalibus

260 2803 347 2874 'atque
373 2807 400 2857 in
424 2805 591 2858 sensibilibus
616 2806 712 2871 rebus;
741 2806 924 2872 intelliguntur
949 2811 1037 2857 autem
1059 2812 1163 2870 moster
1186 2807 1367 2869 sensibilia...,
1395 2812 1448 2861 etc.

272 2887 496 2954 (Migne,t.·LXIV,
508 2888 557 2938 col.
568 2887 784 2950 attenuantur
794 2901 810 2936 a
821 2886 958 2938 Rcsminio
967 2887 1117 2948 (Aristotile
1127 2887 1273 2952 aposoea
1282 2887 1448 2950 asamiaata,

270 2979 311 3018 nt·
323 2968 352 3019 l0
364 2974 391 3019 et
403 2968 456 3033 lt),
471 2969 515 3032 qui
526 2967 589 3017 hinc
600 2966 750 3017 sciscitandi
762 2978 853 3015 ansam
867 2966 948 3014 sumit
962 2981 967 3014 :
985 2964 1008 3014 si
1022 2964 1136 3015 existunt
1157 2966 1184 3014 in
1196 2964 1371 3031 singularibus
1385 2967 1448 3016 uni-

270 3047 389 3107 versalia,
400 3047 530 3112 quomodo
540 3046 723 3111 intelliguntur
731 3051 841 3108 malm,
854 3045 940 3107 idest,
952 3050 1032 3095 satra
1043 3045 1240 3098 amabiliaahi
1248 3046 1407 3096 nonaum?
1417 3071 1449 3090 „-

272 3129 411 3179 Cavillatur
430 3132 519 3191 aperte
540 3127 704 3191 Rosminius,
723 3143 786 3178 nam
806 3144 838 3178 ex
859 3134 913 3178 toto
937 3134 1058 3180 contextu
1079 3129 1163 3180 Boetii
1178 3133 1285 3194 apparet
1303 3128 1349 3178 illa
1366 3129 1450 3180 verba

269 3215 370 3272 praeter
392 3205 533 3258 sensibilia
553 3219 606 3256 non
627 3221 720 3257 sonare
740 3213 819 3257 castra
841 3207 981 3259 sensibilia
987 3224 998 3270 ,·
1025 3222 1117 3260 sensus
1134 3213 1174 3259 est
1188 3208 1337 3273 perlucidus
1359 3207 1449 3258 :dum

272 3288 399 3338 abstrahit
411 3288 583 3338 intellectusa
595 3286 770 3350 sensibilibus,
779 3289 915 3352 pervadit,
926 3290 1103 3352 praetervertit
1113 3289 1254 3350 sensibilia,
1265 3303 1312 3340 seu
1322 3288 1450 3354 intelligit

273 3373 368 3432 praeter
379 3368 518 3419 sensibilia.
532 3368 596 3428 Qua
607 3367 752 3418 certissime
765 3383 825 3419 vera
839 3369 967 3420 dicuntur.

303 3449 422 3513 inculpat
432 3448 518 3499 adbuc
529 3448 648 3498 Boetium
661 3461 692 3498 ex
704 3447 754 3497 alio
762 3449 846 3512 capite
858 3448 1008 3498 Rosminius
1018 3449 1091 3513 quasi
1103 3449 1171 3500 banc
1184 3453 1305 3500 naturam
1318 3448 1451 3500 abstracte

274 3529 463 3596 apprehensam
475 3529 544 3593 quod
558 3533 634 3578 vocat
649 3528 805 3578 universale
816 3543 863 3592 per
874 3529 970 3578 mentis
982 3528 1153 3580 reflexionem
1169 3529 1272 3593 concipi
1292 3544 1324 3579 ex
1344 3541 1452 3594 compa·

274 3612 373 3662 ratione
394 3610 574 3675 singularium,
596 3610 627 3659 ad
648 3609 749 3672 species
773 3613 799 3659 et
819 3625 915 3675 genera
936 3609 1096 3662 eilormanda
1117 3612 1175 3677 (loc.
1194 3610 1291 3676 citat).
1312 3611 1341 3662 Si
1362 3616 1453 3662 autem

272 3694 396 3744 attentius
420 3692 594 3756 perpendatur
622 3690 726 3740 Boetius
751 3691 858 3741 cuilibet
886 3691 1062 3741 consideranti
1092 3695 1199 3754 apparet
1227 3689 1292 3739 illud
1317 3687 1453 3752 objectum

271 3763 388 3822 'mentale
400 3772 468 3836 quod
480 3771 552 3834 prius
566 3768 770 3834 apprehenditur
782 3777 808 3822 et
825 3771 982 3823 abstrahitur
994 3787 1008 3820 a
1021 3770 1195 3837 singularibus
1207 3784 1261 3819 non
1273 3782 1330 3820 esse
1343 3768 1451 3819 uuiver-

274 3853 328 3902 sale
347 3851 461 3916 logicum
476 3856 503 3901 et
517 3849 644 3901 reflexum
657 3854 701 3904 sed
714 3852 860 3902 universale
873 3852 1080 3917 metaphysicum
1094 3855 1120 3900 et
1131 3850 1230 3901 directe
1246 3849 1451 3914 apprehensum,

275 3931 343 3995 quod
354 3944 445 3980 revera
455 3944 509 3980 non
521 3931 658 3982 conficitur
669 3949 702 3983 ex
713 3933 906 3997 comparatione
922 3931 1104 3998 singularium,
1123 3931 1169 3980 sed
1189 3944 1236 3994 per
1255 3928 1404 3992 simplicem
1421 3942 1451 3978 ac

275 4010 401 4061 directam
413 4011 510 4060 mentis
522 4011 723 4063 abstractionem
734 4013 946 4077 apprehenditur,
960 4013 1013 4062 sive
1025 4012 1057 4062 ab
1068 4025 1121 4061 uuo
1130 4014 1232 4061 tantum
1241 4009 1295 4060 sire
1305 4023 1321 4058 a
1331 4007 1451 4072 pluribus

259 4090 421 4142 ‘successive
443 4090 591 4142 individuis.
609 4092 664 4143 Hac
684 4094 768 4156 prima
786 4092 925 4144 universali
946 4092 1038 4143 notitia
1053 4090 1188 4155 acquisita,
1205 4089 1303 4140 redere
1326 4095 1450 4154 operatur

277 4172 433 4236 intellectus,
455 4171 596 4237 singularia
610 4172 679 4223 inter
692 4188 720 4224 se
735 4174 902 4237 conterendo,
919 4178 948 4222 ut
964 4187 997 4223 ex
1012 4170 1192 4232 similitudine,
1208 4170 1323 4234 primum
1337 4170 1449 4234 species,

275 4250 370 4301 deinde
385 4263 481 4316 genera
495 4249 672 4302 efformentur.
685 4253 747 4304 llaec
758 4258 818 4304 sunt
838 4253 916 4304 verba
934 4251 1017 4302 Boetii
1033 4268 1039 4303 :
1055 4250 1241 4315 «cogitantur
1260 4264 1321 4301 vero
1341 4249 1451 4300 univer-

262 4330 340 4381 salia
352 4329 412 4394 (non
426 4329 490 4381 dicit
503 4347 510 4383 ι
524 4331 775 4399 apprehenduntur),
791 4334 908 4398 nihilque
922 4332 992 4382 aliud
1008 4331 1109 4396 species
1125 4345 1181 4382 esse
1197 4330 1312 4396 putanda
1328 4334 1377 4385 est.
1399 4329 1450 4380 nisi

261 4410 402 4475 ⁴cogitatio
416 4412 525 4462 collecta
537 4425 568 4463 err
581 4411 773 4463 individnomm
785 4410 951 4462 dissimilium
965 4424 1076 4461 numero
1090 4408 1252 4461 substantiali
1266 4407 1450 4469 similitudine,

277 4505 360 4559 ganas
384 4505 444 4542 vero
470 4492 596 4559 capitatia
621 4493 729 4546 collecta
753 4505 786 4544 ex
808 4491 954 4558 specierum
981 4490 1149 4542 similitudine
1177 4489 1283 4556 (Migne,
1297 4505 1300 4511 ·
1313 4491 1334 4562 t,
1362 4486 1449 4550 saw,

277 4575 327 4627 col.
340 4569 413 4639 atta
