3240 5468
703 384 900 456 -153-

221 612 239 659 t»
272 579 442 655 Silvestre
461 603 554 680 papa
570 577 736 674 vicesimi,
750 588 785 654 et
800 603 882 654 eum
897 579 935 654 in
949 578 1009 654 illa
1021 578 1266 680 persecutione
1279 578 1389 661 chris·

222 745 239 777 1>
273 710 452 786 tianorum
468 735 538 810 qua
553 711 591 787 in
606 714 779 788 loannem
793 732 925 812 papam
945 720 1161 812 caeterosque
1175 712 1388 789 christianos

222 878 240 912 s
273 844 514 921 Theodericus
529 845 651 941 saeviit,
668 869 737 920 uua
755 827 835 920 cum
857 846 1026 947 predicto
1046 847 1262 946 Symmacho
1280 869 1389 923 occu-

223 1015 241 1052 »
261 980 405 1078 buisse.
435 981 484 1055 De
505 978 630 1079 quoin
655 978 759 1077 gestis
780 979 1008 1075 Pontificum,
1030 1003 1168 1055 necnon
1188 986 1224 1055 et
1243 979 1279 1054 in
1300 978 1389 1053 libro

225 1148 242 1181 s
275 1113 530 1190 miraculorum
547 1114 585 1188 R.
603 1110 785 1187 Benedicti
801 1112 972 1210 scriptum
991 1120 1045 1188 est
1061 1112 1214 1211 qualiter
1229 1110 1391 1187 videlicet

224 1279 241 1312 n
274 1247 398 1322 ambos
415 1223 658 1321 Theodericus
673 1267 734 1318 rex
754 1244 951 1320 Gothorum
966 1245 1189 1322 interfecerit.
1210 1276 1227 1313 u

274 1378 364 1452 Huic
405 1377 555 1476 tempori
592 1375 800 1452 referendus
833 1385 887 1452 est
926 1376 1140 1468 Gislebertus
1179 1381 1392 1455 Porretanus

222 1503 457 1608 (41159),
493 1508 765 1585 Pictaviensium
801 1509 1012 1609 Episcopus,
1042 1511 1103 1610 qui
1137 1514 1394 1588 commentaria

221 1643 364 1743 scripsit
382 1643 421 1717 in
435 1641 544 1717 libros
560 1641 671 1717 Roetii
690 1641 734 1717 de
752 1643 936 1742 Trinitate,
957 1642 1003 1719 de
1021 1645 1132 1720 trium
1158 1668 1393 1747 personarum

222 1776 485 1876 praedicatione,
499 1774 542 1850 de
559 1776 654 1850 bono
670 1774 1019 1874 substantiarum,de
1033 1800 1187 1876 persona
1202 1788 1236 1853 et
1252 1788 1392 1874 natura,

223 1908 402 2010 inquibus
413 1907 710 2007 erravitquidem‚
723 1908 802 1984 etin
815 1909 965 1985 concilio
981 1910 1148 2008 remensi,
1165 1934 1260 1988 anno
1277 1908 1392 2010 1148,

223 2042 417 2118 damnatus
441 2049 505 2117 est.
530 2043 611 2142 lpse
635 2050 755 2118 autem
779 2042 1004 2121 laudabiliter
1028 2069 1066 2120 sc
1091 2046 1253 2144 subjecit.
1280 2047 1395 2145 Hujus

224 2200 382 2253 errorem
402 2175 453 2252 sic
475 2183 634 2252 recenset
653 2177 762 2252 Divus
783 2177 999 2272 Bernardus,
1023 2179 1192 2255 Sermone
1211 2175 1274 2279 80,
1294 2203 1397 2278 super

227 2303 410 2386 Canticos
443 2344 457 2377 r
491 2309 527 2384 Si
557 2309 643 2408 quid
671 2309 792 2408 itaque
820 2310 864 2386 de
892 2313 967 2388 Deo
996 2313 1138 2412 proprie
1168 2313 1236 2388 dici
1271 2313 1394 2413 possit,

224 2428 370 2520 rectius
390 2442 716 2542 congruentiusque
747 2443 887 2520 dicetur
921 2474 929 2517 ε
966 2445 1059 2520 Deus
1088 2452 1142 2522 est
1174 2447 1395 2546 magnitudo,

224 2574 376 2673 bouitas,
391 2576 541 2677 justitia,
555 2575 741 2676 sapientia,
757 2600 867 2675 quam
884 2605 893 2649 t
909 2578 1004 2652 Deus
1020 2586 1074 2654 est
1088 2602 1250 2678 magum,
1265 2580 1394 2678 bonuS,

223 2713 351 2812 justus,
368 2717 429 2785 aut
449 2709 631 2809 sapiens..
652 2733 816 2810 perversa
837 2710 911 2785 visa
932 2717 986 2785 est
1009 2717 1044 2786 et
1063 2713 1210 2789 omnino
1230 2691 1405 2815 suspecta·

228 2842 402 2944 expositio
431 2841 492 2917 illa
518 2842 554 2917 in
579 2841 669 2917 libro
695 2841 839 2917 Gilberti
866 2842 1023 2943 episcopi
1052 2844 1295 2944 pictaviensis,
1325 2869 1396 2946 qno

228 3001 335 3079 super
362 2978 471 3054 verba
493 2975 605 3053 Boetii
629 2978 670 3051 de
695 2978 878 3074 Trinitate,
902 2977 1092 3055 sanissima
1120 2978 1264 3080 quidem
1289 2988 1397 3082 atque

228 3111 401 3190 catholica
417 3108 786 3188 commentabatur...¹
804 3143 821 3176 »

281 3249 471 3323 Decretum
488 3243 656 3341 Gratiani,
674 3244 766 3322 eirea
783 3240 884 3324 1141
901 3255 1100 3346 exaratum,
1117 3250 1275 3327 continet
1289 3247 1345 3348 (1a
1358 3253 1397 3329 P.

229 3382 322 3456 Dist.
345 3381 409 3476 XI)
431 3382 613 3457 Cononem
634 3381 828 3480 quemdam
843 3384 884 3459 de
898 3385 965 3482 fide
979 3385 1182 3473 christiano,
1201 3385 1263 3483 qui
1280 3387 1314 3462 S.
1331 3387 1398 3460 llu-

230 3513 373 3615 gustino
388 3514 603 3610 attribuitur,
627 3553 642 3586 a
665 3514 757 3616 licet,
774 3524 815 3593 ut
835 3518 885 3593 ait
906 3517 1040 3619 Glossa,
1056 3517 1163 3594 hodie
1182 3518 1274 3594 inter
1289 3541 1399 3617 opera

229 3650 269 3724 B.
285 3649 471 3746 Augustini
487 3649 625 3724 nullum
642 3656 754 3726 exstat
770 3650 835 3729 boc
846 3651 959 3727 titulo.
976 3692 991 3725 s
1006 3651 1071 3729 Hic
1086 3658 1208 3730 autem
1223 3674 1339 3727 canon
1353 3652 1398 3728 ad

229 3785 377 3861 verbum
401 3784 611 3861 exscribitur
631 3811 672 3862 ex
694 3785 865 3884 opusculo
884 3784 996 3861 Boetii
1019 3787 1060 3861 de
1080 3787 1147 3884 [lde
1165 3784 1342 3872 catholico,
1364 3792 1397 3861 et

229 3917 279 3992 ita
304 3926 407 3994 sonat
430 3947 437 3989 :
463 3951 479 3984 «
504 3917 684 3994 Catholica
712 3917 867 3995 Ecclesia
891 3944 953 4020 per
981 3920 1105 3996 orbem
1129 3919 1259 3994 diffusa
1286 3918 1399 3994 tribus

231 4050 345 4126 modis
373 4052 544 4150 probatur
568 4053 756 4132 existere...
782 4063 848 4130 etc.
880 4089 897 4121 »
924 4054 1013 4131 lnde
1037 4054 1198 4153 sequitur
1226 4076 1400 4129 canonem

231 4183 352 4281 istum,
380 4185 547 4261 Gratiano
566 4185 697 4284 judice,
722 4187 767 4260 ad
791 4194 953 4285 tempora
977 4189 1013 4262 S.
1034 4185 1218 4286 Augustini
1241 4185 1399 4260 releren-

266 4485 276 4519 ἱ
299 4485 336 4535 Cf.
350 4484 473 4549 Bemard,
488 4487 522 4542 de
535 4487 655 4551 Constet,
665 4487 711 4548 lib.
723 4488 754 4552 V,
768 4504 790 4539 c.
806 4503 851 4540 vu.
