3240 5468
640 381 817 451 ..49-

90 642 96 662 ,
142 570 410 671 exprimendam
427 571 536 647 tidem
552 569 596 647 de
616 569 766 670 Christo,
782 569 870 646 dum
885 569 969 647 dicit
985 602 993 648 ε
1018 600 1037 641 a
1052 571 1172 648 Unum
1188 571 1310 649 Chris·

143 713 220 779 tum
249 730 288 780 eo
314 703 453 780 duabus
477 718 508 779 ol
535 704 573 778 ln
602 702 740 781 duabus
763 703 902 778 naturis
929 702 1172 781 confitendum
1199 736 1234 803 »ς
1262 748 1311 762 -

147 866 166 903 α
193 863 233 912 oo
269 838 409 914 duabus
442 852 473 913 el
505 837 544 910 iu
577 837 718 913 duabus
752 837 961 914 substantiis
989 861 1102 913 unam
1131 836 1310 914 Christum

142 968 274 1046 habere
289 993 480 1070 personam
494 1002 536 1067 »ς
560 1001 575 1034 σ
596 969 773 1048 Christum
788 995 828 1046 eo
842 969 982 1046 duabus
1003 985 1103 1070 atque
1116 971 1156 1046 in
1170 970 1311 1047 duabus

127 1103 351 1180 'substantiis
375 1104 431 1181 vel
457 1103 594 1181 naturis
619 1129 729 1182 unam
756 1105 889 1181 habere
917 1127 1120 1206 personam.
1155 1143 1170 1176 l
1199 1104 1311 1182 Testis

144 1244 197 1314 est
230 1233 487 1313 Cassiodorus¹
522 1237 584 1338 qui
624 1239 662 1315 in
705 1236 925 1338 expositione
959 1237 1088 1339 psalmi
1116 1238 1231 1316 octavi
1262 1237 1312 1315 ita
1426 1325 1427 1328 Ν

143 1369 228 1446 dicit
257 1403 265 1447 :
298 1400 313 1434 s
347 1370 405 1447 Sic
434 1371 607 1447 Dominus
638 1371 800 1448 Christus
828 1396 867 1446 oo
895 1371 1034 1448 duabus
1057 1386 1089 1448 et
1111 1371 1150 1445 in
1173 1369 1312 1447 duabus

143 1502 278 1580 naturis
289 1502 486 1580 inconfusis
498 1512 605 1604 atque
618 1502 796 1579 distinctis
812 1526 883 1579 una
904 1528 1056 1605 persona
1072 1503 1262 1581 salubriter
1278 1512 1312 1580 et

143 1636 384 1715 indubitanter
404 1638 655 1738 agnoscitur.»
675 1639 787 1715 Testis
809 1638 955 1715 demum
975 1640 1131 1716 loannes
1150 1661 1245 1739 papa
1264 1637 1311 1736 ll,

143 1770 179 1845 in
215 1795 278 1846 sua
306 1770 351 1846 ad
380 1777 563 1847 senatores
592 1767 802 1871 epistola²z
837 1771 1062 1848 «Christum
1090 1796 1203 1849 unum
1233 1795 1312 1849 esse

144 1910 275 1979 sanetae
310 1901 490 1979 Trinitatis
519 1930 558 1979 ec
586 1904 728 1981 duabus
755 1903 892 1981 naturis
922 1904 1221 2005 cognoscendam,
1254 1905 1313 1981 hoc

143 2050 191 2112 ost
205 2035 244 2109 ih
257 2034 387 2112 deitate
401 2043 435 2113 et
451 2036 675 2114 humanitate
693 2037 899 2138 perlectum.
921 2067 936 2101 o

198 2170 258 2244 Est
294 2177 415 2244 autem
448 2169 576 2246 Renati
605 2169 733 2248 Vallini
766 2170 829 2271 qui
862 2165 973 2247 Boetii
1006 2156 1115 2273 opera
1148 2170 1313 2272 Lugduni

144 2304 356 2379 Batavorum
376 2301 497 2399 edidit,
519 2327 614 2380 anno
638 2299 752 2402 1636,
773 2326 814 2381 ac
829 2304 925 2380 notis
941 2303 1141 2404 illustravit,
1157 2304 1313 2383 maxima

144 2432 236 2531 laus,
271 2433 368 2535 qaod
401 2435 539 2535 primus
572 2433 704 2512 scilicet
735 2435 781 2511 ad
815 2436 907 2513 hano
936 2437 1194 2514 connexionem
1222 2438 1314 2515 inter

145 2565 374 2642 orientalium
389 2567 639 2668 episcoporum
654 2567 843 2668 epistolam
862 2577 895 2644 et
920 2568 1050 2644 librum
1069 2571 1110 2645 de
1133 2583 1265 2646 notura
1283 2585 1315 2646 et
1392 2587 1395 2591 ’

141 2724 291 2798 pesona
308 2694 438 2776 Christi
456 2701 579 2778 Boetio
599 2701 831 2803 adscriptum,
847 2704 987 2779 animos
1006 2711 1159 2780 attentos
1178 2703 1313 2782 fecerit.

146 2834 221 2910 Hac
245 2833 341 2912 enim
368 2835 563 2935 quaestione
587 2833 714 2930 soluta,
741 2835 875 2912 tollitur
902 2844 937 2912 et
957 2836 1106 2912 dubium
1125 2837 1170 2915 de
1191 2837 1314 2914 Boetia

147 2967 311 3068 theologo
327 2991 367 3045 ac
383 2967 578 3045 christiano
598 2966 821 3070 philosopho.
838 2967 968 3048 Vallini
981 2969 1078 3048 viam
1096 2969 1208 3047 secuti
1231 2979 1315 3047 sunt

147 3101 183 3176 in
212 3100 400 3178 Germania
427 3097 556 3201 Baur³,
578 3102 722 3177 Siittner
732 3099 756 3198 ⁴,
779 3100 1006 3179 Sohiindelen
1015 3099 1039 3199 ⁵,
1065 3099 1261 3201 Glroerer⁶,
1283 3111 1316 3180 el

148 3233 335 3312 lloehlcr⁷.
378 3231 539 3336 Peiper⁸·
567 3242 687 3311 autem
729 3234 998 3312 recentissimus
1035 3235 1147 3313 Boetii
1182 3236 1316 3336 editor,

149 3375 269 3444 censet
283 3392 366 3443 cum
381 3363 592 3467 Nitzsehiol,
613 3365 802 3468 epistolam
822 3366 1073 3467 episcoporum
1092 3367 1318 3446 orientalium

183 3681 194 3717 ¹
217 3681 257 3733 lid
267 3696 367 3734 amram
377 3683 480 3734 circiter
491 3681 548 3734 538.

184 3765 196 3800 ¹
217 3761 352 3828 Batonius,
368 3765 402 3814 ad
413 3779 476 3815 ann.
488 3764 543 3816 531.

184 3841 197 3878 ³
216 3843 256 3894 De
268 3843 361 3899 Boetia
372 3845 533 3895 christianos
544 3844 676 3895 doetrinae
688 3848 830 3907 assertore,
847 3843 1005 3909 Damastadt,
1017 3843 1087 3896 l8ll.

183 3925 197 3962 ⁴
216 3923 353 3987 Boethius,
367 3925 415 3976 dor
428 3925 503 3974 latete
517 3924 641 3984 Roemer,
658 3924 800 3985 Eichstadt,
814 3922 885 3974 1852.

185 4005 197 4040 ⁵
216 4003 297 4068 Apud
309 4005 398 4056 Theoi.
411 4005 625 4066 Literoturblott,
642 4003 785 4067 Jahrraaa,
799 4000 956 4064 salumn.

184 4085 197 4122 θ
218 4085 493 4152 Kirchengeschichte,
508 4085 560 4137 vol.
575 4085 608 4146 ΙΙ,
622 4085 744 4136 eta-95³.

186 4167 197 4199 ²
218 4164 338 4216 Histoire
356 4166 390 4216 de
411 4165 530 4229 l'Eylise,
556 4179 602 4230 par
624 4165 741 4226 tloehler,
764 4165 851 4229 publia
866 4177 912 4228 par
929 4163 1016 4226 Gema,
1028 4169 1046 4214 t.
1062 4164 1097 4225 ll,
1115 4178 1141 4227 p.
1154 4163 1194 4226 3‘2,
1210 4161 1321 4224 Gaume,

152 4245 234 4309 Paris,
245 4245 316 4302 1888.

185 4329 198 4362 ⁸
218 4327 252 4379 A.
268 4327 304 4376 Μ.
316 4327 345 4378 S.
364 4325 467 4388 Boeoti,
489 4326 671 4390 Philosophiae
692 4325 899 4386 consolationis,
921 4323 982 4374 libri
1001 4323 1029 4383 V,
1054 4321 1182 4373 accedunt
1199 4320 1324 4386 opuscula

153 4421 236 4472 sacra,
250 4405 384 4458 recensuit
395 4406 498 4472 Peiper,
512 4406 614 4472 Lipsiae,
630 4405 702 4458 1811.

185 4487 198 4522 ⁹
218 4485 277 4537 Dos
287 4491 388 4552 aarum
397 4486 444 4537 des
455 4485 595 4550 Boethius,
609 4484 706 4545 Berlin,
721 4484 792 4537 1860.

1166 4601 1184 4654 4
