3240 5468
712 399 912 469 -126..

230 605 284 675 est
315 595 420 671 etiam
451 592 627 668 manentis
638 589 659 666 ¹.
704 624 720 658 2
752 591 802 666 Ex
832 589 887 664 his
914 587 1102 664 hominum
1132 585 1286 663 miseriis
1309 585 1409 662 illud

230 734 368 802 tuntum
389 724 560 825 sequitur,
575 723 604 798 si
620 722 744 799 heatus
763 745 840 796 esse
857 719 974 817 velint,
992 741 1246 795 eossummum
1259 719 1406 817 honum

229 857 393 957 persequi
418 856 558 931 dehere.
583 855 708 931 Prohis
731 877 773 930 ao
797 853 957 930 honestis
977 852 1063 928 siris
1081 876 1178 928 mors
1196 875 1243 928 ne
1260 850 1405 927 malum

227 989 371 1089 quidem
390 987 519 1083 existit,
541 1010 622 1062 narn
643 1024 657 1055 ι
678 1011 779 1063 mens
800 986 865 1063 sihi
884 987 975 1062 bene
993 984 1135 1062 conscia
1156 992 1298 1061 terreno
1317 1005 1407 1059 cnr·

228 1143 307 1195 cere
326 1119 441 1193 solnta
458 1118 586 1195 coelum
603 1119 714 1195 libera
729 1117 849 1219 petit².
871 1155 887 1185 »
909 1152 925 1184 «
950 1119 1065 1193 Omne
1086 1124 1267 1195 terrenum
1285 1140 1405 1219 nego·

228 1250 461 1349 tiumspernit
473 1273 551 1347 quae
563 1273 599 1322 so
610 1249 699 1325 coelo
710 1248 833 1325 fruens
846 1248 993 1325 terrenis
1005 1251 1133 1350 gaudet
1144 1260 1361 1352 exemptam.
1383 1283 1400 1317 ι

282 1385 325 1458 ll.
354 1427 406 1438 -
435 1385 524 1458 Sunt
553 1392 671 1459 autem
702 1383 866 1458 homines
900 1382 985 1457 muli
1019 1410 1034 1443 α
1066 1383 1129 1482 qui
1156 1407 1229 1460 nou
1253 1392 1405 1460 servunt

230 1526 404 1609 naturum,
436 1549 450 1580 a
478 1514 539 1613 qui
564 1544 578 1577 r
601 1516 752 1592 scientes
766 1515 997 1615 volentesque
1016 1515 1151 1591 bonum
1170 1516 1343 1592 deserunt
1365 1523 1405 1590 et

228 1649 274 1722 ad
303 1648 385 1724 vitia
414 1647 619 1746 deflectunt,
648 1677 663 1710 »
691 1645 752 1747 qui
779 1679 793 1710 ·
820 1646 970 1722 avaritia
992 1646 1139 1747 servent,
1161 1675 1177 1709 ν
1199 1676 1213 1709 r
1235 1645 1402 1746 linguam

133 1848 136 1855 .
227 1778 347 1879 litigiis
368 1788 542 1869 exercent,
565 1814 580 1846 »
604 1813 619 1846 a
644 1777 831 1855 fraudibus
851 1780 1018 1881 gaudent,
1038 1812 1053 1844 »
1075 1779 1163 1856 «tra
1182 1779 1352 1874 fremunt,
1382 1810 1400 1843 ι

229 2053 447 2142 merguntur,
466 2081 482 2116 r
503 2066 543 2116 ac
558 2042 700 2118 sordida
718 2042 897 2142 voluptate
913 2042 1127 2118 detinentur.
1148 2078 1162 2111 ι

279 2175 353 2250 Hoc
370 2175 504 2249 malurn
520 2175 663 2262 morule,
686 2174 780 2273 quod
798 2176 913 2252 solum
934 2200 1015 2252 vere
1035 2186 1069 2250 et
1095 2175 1237 2275 proprie
1259 2173 1402 2249 mulum

225 2320 279 2385 est
298 2342 313 2373 «ι
341 2307 476 2382 nullum
492 2307 598 2383 hahet
616 2316 791 2406 naturam,
818 2343 832 2374 a
860 2340 875 2372 a
895 2307 984 2382 nihil
1000 2315 1065 2383 est.
1089 2307 1188 2395 »Qui
1207 2331 1291 2408 ergo
1311 2306 1401 2382 mali

225 2448 319 2534 sunt,
346 2464 433 2537 pure
457 2449 491 2514 et
511 2438 708 2537 simpliciter
732 2466 810 2517 esse
830 2441 1008 2516 desinunt.
1033 2469 1047 2502 α
1072 2441 1160 2514 Num
1178 2439 1228 2514 uti
1243 2434 1416 2515 cudnver'

226 2572 407 2646 hominem
425 2583 606 2647 mortuum
622 2573 763 2667 dixeris,
775 2573 975 2672 simpliciter
988 2596 1071 2648 reru
1083 2571 1265 2648 hominem
1277 2571 1403 2673 appel·

155 2749 161 2759 ·
224 2705 297 2779 lare
315 2728 384 2779 non
400 2704 527 2804 possis,
543 2705 590 2778 itn
608 2704 752 2780 vitiosos
768 2703 882 2781 malos
892 2702 1039 2804 quidem
1050 2716 1128 2781 esse
1144 2700 1400 2801 concesserim,

224 2838 285 2912 sed
302 2863 372 2912 esse
387 2839 538 2913 rrtrotute
553 2862 728 2937 nequeam
745 2837 922 2931 conliteri3
939 2847 992 2915 est
1008 2837 1104 2915 enim
1121 2837 1217 2937 quod
1230 2836 1402 2913 ordinem

223 2971 349 3046 retinet
373 2981 560 3069 seruatque
581 2983 744 3046 naduram
762 3005 770 3048 :
787 2972 881 3071 quod
903 2996 985 3046 vero
1005 2971 1049 3046 ab
1073 2970 1139 3045 huc
1162 2969 1291 3065 delicit,
1316 2992 1401 3045 esse

222 3103 327 3178 etium
343 3104 436 3201 quod
454 3105 489 3177 in
505 3129 570 3177 sua
586 3115 713 3178 nutura
731 3105 838 3178 situm
854 3114 906 3180 est
922 3103 1136 3203 derelinquit
1148 3098 1170 3177 ³.
1193 3136 1209 3168 »

228 3326 1401 3343 emm—*mm

257 3446 263 3477 ¹
290 3443 393 3494 tlorrool.
409 3444 440 3502 ll,
458 3458 495 3505 pr.
513 3444 536 3492 3.

254 3523 266 3555 2
289 3520 397 3572 Consul.
412 3521 443 3577 ll,
456 3534 495 3583 pr.
511 3521 533 3569 Ἰ.

257 3603 268 3634 ⁸
291 3600 394 3653 Consul.
409 3600 450 3662 tv,
465 3614 505 3662 pr.
518 3600 541 3648 ἓ.
556 3599 617 3649 llaec
630 3606 657 3648 et
667 3600 762 3649 similia
770 3601 825 3663 jam
837 3600 997 3664 Augustinus
1012 3601 1129 3650 dixerat:
1145 3619 1155 3646 ι
1169 3601 1319 3664 Malurnque
1331 3602 1400 3654 illud

222 3685 288 3746 quod
304 3683 453 3746 quaereham
471 3684 539 3731 unde
553 3685 631 3740 esset,
644 3693 695 3727 non
713 3685 752 3728 est
764 3679 906 3729 substantia
920 3696 926 3728 ι
939 3678 1000 3742 quia
1013 3679 1035 3728 si
1049 3681 1191 3730 substantia
1203 3685 1282 3742 esset,
1296 3679 1399 3730 bonum

222 3769 289 3813 esset
302 3762 445 3825 (Confines,
459 3762 502 3811 lib.
520 3762 572 3816 Vll.
586 3775 608 3810 c.
624 3760 678 3823 xu).
695 3777 704 3804 ι
722 3778 730 3804 r
747 3759 921 3818 Quaerendum
935 3762 975 3807 est
986 3759 1047 3822 quid
1060 3759 1095 3809 sit
1106 3761 1235 3810 malurn...
1247 3761 1316 3824 quod
1328 3760 1398 3811 nihil

221 3842 288 3890 aliud
304 3847 343 3890 ost
357 3856 434 3904 quarn
450 3841 581 3904 corruptio
604 3841 643 3889 vel
660 3841 741 3900 modi,
761 3840 802 3888 vel
823 3839 928 3903 speciei,
949 3840 990 3888 vel
1010 3840 1108 3890 ordinis
1128 3839 1255 3890 naturalis
1273 3841 1319 3904 (de
1334 3852 1396 3892 unt.

221 3920 290 3969 mali
312 3928 382 3970 cont.
409 3921 540 3981 hlunich,
562 3935 584 3971 c.
598 3922 643 3983 ru).
668 3939 678 3964 ι
705 3920 778 3969 Hanc
801 3919 907 3981 quidem
927 3919 1072 3968 doctrinam
1092 3921 1124 3969 de
1146 3922 1215 3970 malo
1239 3919 1399 3972 confirmant

221 3997 360 4061 Anselmus
373 4003 398 4045 et
410 3996 530 4045 Thomas.
546 4016 554 4043 ι
572 3999 668 4047 Malum
679 4000 748 4063 quod
759 4004 798 4048 est
810 3998 936 4062 injustitia
948 4013 1053 4063 semper
1064 3999 1139 4062 nihil,
1152 4004 1221 4050 est...
1235 4013 1297 4049 cum
1308 3999 1397 4065 itaque

221 4075 340 4126 audimus
356 4089 452 4124 nornen
474 4075 545 4136 mali,
567 4090 620 4124 non
641 4076 739 4127 malunt
761 4079 832 4140 quod
851 4077 917 4126 nihil
938 4082 977 4127 est
998 4079 1121 4128 timemus
1143 4080 1190 4128 sed
1210 4079 1309 4129 malurn
1326 4081 1396 4142 quod

220 4153 316 4217 aliquid
334 4158 382 4216 est,
404 4152 473 4216 quod
492 4153 637 4205 absentiam
649 4156 710 4205 honi
723 4157 840 4219 sequitur
853 4157 983 4218 (husam.
999 4159 1032 4208 de
1044 4158 1117 4211 Casu
1128 4158 1218 4216 Diub..
1230 4171 1253 4207 c.
1267 4161 1352 4221 nur).
1365 4185 1396 4197 ·-

220 4234 278 4284 Non
291 4240 377 4299 potest
391 4249 448 4285 esse
465 4236 533 4298 quod
546 4237 645 4287 mulum
658 4238 787 4303 significet
799 4238 928 4301 quoddam
941 4253 997 4289 esse
1009 4243 1054 4288 aut
1065 4238 1205 4301 quamdam
1216 4224 1337 4295 turmam,
1350 4243 1396 4286 aut

220 4321 339 4364 naturam
352 4331 358 4376 ;
374 4315 530 4377 relinquitur
544 4330 605 4380 ergo
625 4318 693 4379 quod
704 4317 811 4366 nornine
823 4317 886 4366 mali
897 4315 1059 4380 significetur
1070 4317 1189 4380 quaedam
1200 4317 1319 4367 absentia
1333 4317 1395 4367 honi
1483 4382 1486 4386 Ι

222 4396 256 4452 ts.
268 4396 355 4446 Tuon.
368 4397 445 4448 Sunt.
459 4397 550 4447 Theot.
566 4399 577 4446 l
594 4413 629 4461 p,
645 4414 689 4461 qu.
707 4412 798 4462 rmum,
812 4415 834 4449 a.
849 4400 860 4448 l
875 4415 882 4462 ;
900 4398 937 4449 Cs.
957 4398 1032 4450 Cont.
1052 4399 1137 4460 Genu,
1150 4399 1196 4450 lib.
1211 4400 1254 4462 lll,
1268 4413 1293 4453 c.
1310 4411 1355 4462 xv,
1368 4405 1396 4450 et

220 4476 281 4525 alibi
296 4477 409 4541 passim).
