3240 5468
765 469 962 540 -tdss-

278 660 453 737 incidunt.
477 659 621 736 Nullum
645 658 791 760 quidem
816 659 988 737 directum
1017 668 1267 762 argumentum
1291 651 1358 763 pro
1386 689 1450 765 ge·

278 794 387 870 nuina
403 794 517 870 Boetii
532 793 788 894 opusculorum
803 793 938 893 origine
953 819 994 871 er
1012 795 1054 870 iis
1073 819 1196 872 eruere
1214 795 1447 875 intendimus.

276 929 409 1003 Verum
429 927 583 1002 manime
602 925 825 1025 probabilem
845 925 1006 1002 efficiunt
1025 927 1099 1003 baec
1121 928 1221 1003 varia
1243 930 1449 1006 testimonia

276 1058 494 1160 opinionem,
528 1059 567 1133 in
595 1059 733 1135 saeculis
766 1050 997 1159 sequentibus
1030 1083 1247 1161 expressam,
1281 1062 1447 1138 boetium

275 1191 392 1271 virum
407 1193 654 1292 christianum,
670 1218 710 1269 er
731 1194 891 1295 professo
913 1193 1179 1296 philosophum,
1200 1195 1313 1272 nobili
1333 1207 1449 1273 morte

274 1327 503 1426 insignitum,
537 1352 602 1427 pro
632 1353 696 1404 suo
725 1327 762 1403 in
795 1327 1013 1428 relligionem
1045 1328 1274 1407 christianam
1309 1329 1448 1428 studio,

275 1460 450 1561 opuscula
464 1460 630 1561 quaedam
646 1460 840 1562 theologica
854 1462 1066 1541 exaravisse.

292 1656 295 1661 ,
327 1594 458 1671 Contra
472 1593 635 1672 Boetium
653 1595 857 1695 theologum
874 1605 1027 1697 arguunt
1037 1596 1148 1674 critici
1158 1598 1319 1698 quidam,
1331 1597 1461 1677 Obba.

272 1725 347 1804 rius
371 1727 517 1824 scilicet,
543 1729 578 1803 C.
604 1727 779 1803 tourdain
803 1752 844 1805 ac
868 1730 1066 1808 Nitzscbius
1086 1732 1130 1809 de
1150 1731 1291 1810 silentio
1316 1733 1448 1810 Isidori

271 1858 493 1959 Hispalensis
522 1853 727 1956 (tto-636)
757 1860 850 1939 circa
874 1862 952 1941 haee
972 1843 1297 1968 opuscula2Probe
1324 1875 1447 1941 tamen

272 2002 407 2070 norunt
421 2019 546 2071 omnes
563 1991 766 2094 Gatctopum
780 1998 988 2098 scriptorum
1003 1999 1308 2074 ecclesiasticorum
1323 1999 1360 2073 S.
1377 1998 1446 2073 Isi-

271 2125 609 2230 doriimperfectum
621 2131 843 2210 remansisse.
856 2133 939 2232 Ejus
951 2141 1070 2208 autem
1087 2131 1267 2208 silentium
1281 2129 1393 2208 variis
1404 2155 1445 2207 er

271 2261 390 2338 causis
409 2262 616 2363 explicatur,
634 2273 672 2341 nt
687 2264 781 2341 infra
800 2265 972 2363 dicemus,
990 2275 1023 2342 et
1044 2272 1202 2365 exparte
1217 2261 1446 2362 abrumpitur

269 2394 441 2495 praeclara
455 2397 582 2473 notitia
598 2423 708 2498 quam
728 2398 836 2475 tradit
855 2400 900 2475 dc
919 2400 1044 2475 Baetin
1064 2397 1242 2474 Honorius
1262 2399 1444 2495 Augusto·

269 2526 442 2606 dunensis
457 2530 647 2631 episcopus
667 2535 779 2628 (anno
797 2526 927 2629 1100),
944 2531 1004 2632 qui
1020 2531 1057 2606 iu
1072 2529 1132 2609 lib.
1152 2530 1204 2605 ΙΙΙ
1223 2530 1264 2604 de
1284 2527 1445 2628 Scripto-

269 2662 367 2738 ritcs
391 2664 660 2743 ecclesiasticis«
687 2691 729 2743 ex
751 2665 891 2744 Isidoro
917 2664 1096 2742 sublectus
1124 2698 1141 2732 »
1173 2664 1249 2739 haec
1277 2661 1443 2739 babet¹z

272 2825 289 2863 ι
323 2796 479 2897 Boetius,
505 2801 676 2902 patricius
700 2810 736 2879 et
763 2800 899 2896 consul,
926 2798 1067 2899 scripsit
1090 2797 1236 2874 Librum
1259 2798 1301 2871 de
1323 2809 1445 2873 cuncta

272 2928 459 3024 Trionem,
470 2942 505 3011 et
519 2935 628 3012 alium
643 2936 683 3010 ote
700 2930 965 3025 Consolatiooe5
981 2940 1015 3007 et
1030 2928 1258 3031 quadrivium
1269 2928 1314 3006 de
1327 2953 1443 3030 graeco

268 3067 484 3145 transtulit...
508 3102 525 3136 s

320 3199 493 3279 Hodierni
515 3202 626 3280 critici
649 3203 855 3304 abjudicant
878 3201 983 3278 Bedae
1003 3196 1301 3277 commentarium
1320 3197 1358 3274 in
1380 3195 1441 3275 Li-

266 3331 372 3413 brnm
391 3321 514 3413 boetii
542 3337 583 3413 de
613 3338 799 3424 Trionem,
828 3334 986 3411 fatentur
1014 3339 1134 3409 autem
1161 3331 1297 3407 Bedam
1325 3330 1440 3408 Boetii

266 3494 399 3549 nomen
417 3471 454 3547 in
475 3495 540 3548 suo
565 3467 838 3572 Martyrotogio²
863 3451 1109 3567 inscripsisse3
1130 3463 1227 3565 quod
1251 3463 1280 3540 si
1303 3474 1439 3566 martyr

265 3606 420 3706 Boetius,
436 3605 553 3706 potuit
567 3629 646 3682 esse
660 3605 769 3681 etiam
788 3601 986 3701 theologus.
1010 3582 1275 3676 Commentator
1294 3599 1438 3698 ignotus

266 3740 361 3824 Libri
391 3741 432 3815 do
463 3740 637 3815 Trinituta
665 3738 760 3837 apud
788 3735 919 3812 Bedam
945 3734 993 3810 ita
1017 3732 1174 3833 loquitur
1201 3732 1245 3809 de
1273 3732 1400 3809 Boetio
1428 3762 1438 3810 ε

269 3906 286 3939 «
310 3873 438 3948 Multos
457 3872 562 3948 etiam
584 3871 786 3947 haesitantes
808 3869 844 3943 in
867 3866 939 3975 fide
965 3864 1111 3967 adjuvit,
1137 3875 1172 3943 et
1197 3865 1437 3963 confirmavit,

266 4013 307 4080 ut
324 4007 364 4079 in
381 4005 488 4080 Libro
508 4018 627 4079 contro
652 4003 834 4102 Eutychen
854 4016 884 4077 ct
903 4001 1107 4078 Nestorium
1125 4008 1160 4078 et
1179 4000 1217 4075 in
1237 4001 1305 4076 hoc
1328 4023 1438 4100 opere

298 4330 308 4364 ¹
331 4327 427 4392 Migne,
439 4332 504 4378 tom.
517 4326 612 4390 CLXII,
625 4329 673 4378 col.
687 4327 742 4378 tbi.

296 4410 309 4444 ¹
327 4408 402 4468 ven,
414 4407 509 4468 Baedae,
523 4405 611 4469 Opera
622 4406 724 4466 omnia,
737 4410 800 4454 torn.
816 4404 861 4465 111,
875 4404 922 4454 cot.
937 4400 992 4454 309.
1005 4399 1072 4453 Edit.
1086 4400 1176 4464 Colon.
1188 4401 1289 4467 Agrip,
1301 4416 1345 4453 an.
1364 4404 1435 4457 ibit.

264 4504 278 4533 α
291 4487 325 4538 V·
337 4488 436 4538 calend.
449 4487 528 4538 Junii.
541 4487 630 4537 Natole
643 4485 669 4536 S.
687 4485 792 4537 toannis
808 4501 890 4551 pape,
905 4499 956 4548 quo
978 4489 1096 4547 tempore
1116 4481 1292 4532 Theodericus
1307 4496 1355 4532 rex
1371 4484 1436 4536 duos

262 4571 395 4617 senatores
407 4567 543 4631 praeclaros
558 4572 583 4617 et
595 4566 724 4629 consules,
737 4566 924 4630 Symmachum
936 4569 963 4614 et
976 4563 1094 4615 Boetium
1105 4559 1208 4613 oceidit.
1221 4576 1235 4611 r
