3240 5468
639 442 815 510 ...21-

39 613 41 617 ’
143 637 177 715 S.
194 614 364 712 Trinitate
380 634 442 735 qui
462 658 544 712 vere
560 614 737 735 genuinus
752 617 875 734 postca
891 619 1206 731 demonstrabitur,
1228 637 1327 710 cum

142 768 245 846 dicit:
265 803 279 834 α
302 771 379 856 Qua
395 767 595 844 ostenditur
610 791 684 842 non
699 750 1036 842 omnem-unitatum
1051 768 1310 868 repetitionem,

141 927 331 979 numerum
358 900 669 1002 pluralitatemque
694 901 901 1001 perlicere...
927 901 1108 982 subintrat
1127 926 1309 1001 numerus,

140 1061 246 1136 quem
277 1061 316 1113 ex
343 1038 585 1137 subjectorum
609 1034 814 1143 diversitate
837 1019 966 1111 confici
995 1035 1160 1136 superius
1189 1035 1310 1136 expla-

139 1178 265 1247 natnm
284 1178 338 1247 est
352 1167 376 1246 ¹.
396 1201 410 1233 a
430 1172 512 1245 Haec
531 1178 607 1246 tam
625 1174 790 1245 accurate
813 1168 906 1245 dicta
931 1168 1047 1243 virum
1073 1189 1308 1246 numerorum

139 1327 181 1379 ac
197 1302 381 1404 theologiae
397 1301 599 1378 christianae
614 1301 869 1410 peritissimum
884 1301 1040 1402 sapiunt.

193 1436 357 1536 Quinque
376 1436 484 1512 libros
506 1437 547 1511 dc
565 1436 703 1511 Marsico
729 1435 872 1538 scripsit
894 1435 1038 1512 Boetius
1061 1435 1295 1536 Pythagoreo·

138 1569 393 1670 rumvestigiis
408 1569 576 1646 insistens
591 1593 730 1646 necnon
750 1578 784 1645 et
805 1568 956 1645 Philolai
975 1569 1193 1646 crotoniatis.
1217 1571 1305 1646 Cum

136 1703 282 1780 Platone
302 1703 456 1779 maxime
473 1703 670 1780 cavendum
686 1698 886 1779 existimat²
904 1733 918 1766 α
937 1727 983 1778 ne
1001 1703 1046 1778 de
1059 1702 1151 1779 bene
1167 1712 1306 1780 morata

136 1835 275 1913 musica
291 1835 427 1934 aliquid
443 1843 676 1936 permutetur.
699 1871 714 1901 »
734 1837 817 1936 Ejus
833 1835 869 1910 in
891 1834 1027 1910 musica
1042 1834 1232 1912 adinventa
1259 1836 1306 1910 ad

137 1968 393 2068 Gregorianum
413 1975 559 2045 cantum
576 1968 836 2044 moderandum
857 1967 1010 2042 multum
1030 1976 1152 2044 sancto
1173 1969 1316 2068 drago-‘¹

136 2101 188 2177 rio
208 2105 333 2202 llagno
349 2101 539 2179 inservisse
555 2110 674 2178 censet
693 2100 844 2202 scriptor
859 2100 998 2176 italicus
1021 2102 1177 2188 Quadrio
1191 2099 1214 2177 ³.

189 2237 237 2310 Ex
262 2235 403 2312 duobus
429 2238 470 2312 de
494 2235 693 2312 Geometric
712 2235 824 2332 libris,
847 2234 935 2312 alter
953 2241 1007 2311 cst
1029 2259 1125 2312 mera
1150 2234 1305 2311 Euclidis

135 2370 334 2468 translati0,
356 2371 446 2446 alter
469 2370 512 2446 de
538 2345 746 2446 Geometriae
768 2367 918 2445 utilitate
938 2375 972 2444 et
993 2385 1060 2444 usu
1082 2366 1305 2469 disquisitio,

135 2502 230 2599 quod
251 2527 343 2602 opus
359 2503 610 2602 imperfectum
626 2503 810 2579 remansit.

189 2635 368 2712 Ciceronis
399 2633 562 2736 Topica*
593 2639 629 2711 in
659 2644 795 2738 septem
823 2635 923 2712 libris
952 2643 1215 2714 commentatus
1252 2643 1306 2712 est

134 2769 287 2868 Boetius,
304 2770 491 2868 exquibus
512 2770 599 2846 sexti
616 2769 854 2845 conclusione
870 2769 1043 2868 septimas
1061 2780 1155 2843 totas
1172 2779 1306 2868 tempo-

134 2928 216 2978 rum
230 2902 363 3003 injuria
381 2903 573 3002 perierunt.

187 3037 255 3114 Sed
270 3037 374 3134 longe
386 3028 501 3137 major
512 3060 595 3137 pars
606 3060 754 3136 operum
767 3036 879 3112 Boetii
896 3036 939 3111 ad
952 3035 1215 3137 philosophiam
1229 3056 1306 3139 per·

135 3171 231 3248 tinet.
249 3171 324 3246 Alia
342 3180 425 3247 sont
441 3195 549 3247 merae
565 3169 749 3269 Porphyrii
767 3178 802 3244 et
821 3170 1018 3245 Aristotelis
1038 3170 1302 3267 translationes,

133 3305 203 3381 alia
235 3305 375 3406 propria
406 3303 518 3379 Boetii
547 3303 701 3378 inventa.
736 3303 774 3374 ln
810 3303 999 3378 Aristotele
1037 3303 1303 3400 interpretando

132 3437 285 3513 fideliter
309 3436 421 3535 magis
447 3458 555 3533 quam
577 3435 756 3532 eleganter
778 3433 935 3532 procedit
961 3433 1115 3528 Boetius,
1140 3435 1304 3510 omnium

133 3570 280 3646 minime
304 3595 390 3644 risus
414 3569 481 3644 hoo
501 3568 599 3644 stravi
620 3577 728 3666 atque
746 3575 872 3642 ornato
889 3567 1027 3642 dicendi
1050 3591 1190 3666 genere,
1208 3565 1320 3666 quod*

134 3729 207 3805 prae
226 3728 264 3780 se
278 3703 348 3779 lert
362 3703 452 3779 liber
471 3703 511 3776 dc
530 3700 782 3776 Consolatione.
800 3700 876 3776 Hoc
892 3699 1099 3776 meminisse
1114 3700 1222 3775 velint
1242 3700 1309 3800 qui·

136 3848 205 3913 tam
222 3837 390 3914 audacter
405 3836 627 3911 contendunt
645 3859 686 3910 ex
703 3833 843 3911 diverso
859 3858 987 3934 genere
1002 3833 1142 3910 dicendi
1153 3859 1302 3934 operum

169 4164 178 4198 ¹
200 4162 240 4212 De
253 4161 362 4223 Triaria,
377 4175 400 4210 c.
413 4171 480 4221 111‚v
492 4164 518 4209 et
529 4171 556 4211 vr
568 4175 575 4222 ;
585 4159 622 4209 Cl.
636 4159 667 4208 D.
682 4157 794 4208 Thomas
803 4157 831 4206 in
843 4157 889 4209 lih.
903 4157 985 4207 Boetii
994 4156 1027 4206 de
1036 4157 1190 4221 Trinit.‚qu.
1205 4157 1228 4216 1,
1242 4171 1266 4207 a.
1278 4157 1302 4219 l,

134 4243 240 4371 ad’qllc
253 4321 368 4380 Musica,
382 4321 426 4370 lib.
441 4320 461 4378 l,
475 4335 500 4370 c.
518 4321 540 4368 l.

168 4404 179 4436 ³
199 4402 291 4452 Storic
301 4401 392 4466 d'opni
400 4401 501 4464 poesia,
514 4401 564 4450 vol.
579 4400 612 4461 ll,
625 4415 650 4463 p.
668 4399 724 4448 tot.

166 4484 178 4516 ⁸
201 4481 287 4532 Boetii
299 4481 443 4534 Commeat.
457 4481 488 4529 irc
501 4479 588 4530 Cicer.
603 4478 700 4542 Topica
713 4477 794 4528 edidit
806 4478 914 4528 Rohert.
927 4476 1084 4541 Stephanae,
1100 4475 1183 4538 Paris,
1196 4476 1256 4526 1th
1266 4491 1306 4541 3-

133 4561 215 4613 Cicer.
228 4575 306 4626 opera
320 4561 416 4613 omnia.
428 4559 518 4624 Orelli,
531 4559 619 4610 Turici
635 4558 826 4611 Helvetiorum.
