3240 5468
767 459 960 530 „130-

283 656 453 730 Trinitnte
468 684 481 727 :
499 687 515 719 ι
535 652 631 726 lleus
650 673 733 727 vero
753 674 774 724 a
796 649 869 725 Deo
888 647 988 724 nullo
1006 648 1136 746 differt,
1152 649 1267 725 nevel
1282 649 1459 726 acciden-

280 789 373 863 tibus
387 785 443 861 vel
458 782 751 860 substantialibus
768 780 980 858 differentiis
1000 781 1038 856 in
1057 782 1216 882 subjecto
1232 783 1357 884 positis
1373 783 1456 860 dis-

280 933 352 998 tent
365 921 389 995 ¹.
408 949 424 981 »
443 917 534 1006 Quid
550 918 662 994 inde?
680 963 730 974 -
747 917 838 992 lllud
853 914 970 991 solum
985 949 994 994 ε
1012 940 1085 992 non
1100 940 1178 992 esse
1197 916 1234 990 in
1256 917 1458 994 111111111-

278 1055 430 1130 rentiam
457 1077 575 1152 neque
607 1051 878 1146 accidentalem,
912 1073 1031 1149 neque
1065 1049 1354 1147 substantialem,
1388 1051 1454 1128 sed

277 1196 414 1261 tantum
439 1183 654 1260 relationum
676 1183 906 1285 differentias,
930 1185 1060 1285 quibus
1083 1185 1120 1260 in
1144 1184 1273 1263 eadem
1295 1185 1455 1261 essentia
1564 1250 1567 1255 .

275 1318 543 1417 distinguuntur
557 1327 629 1394 tres
645 1341 818 1418 personae.

331 1451 434 1528 Addit
451 1450 651 1526 Nitzschius
669 1451 772 1528 aliter
790 1477 812 1528 a
830 1451 969 1546 Boetio,
985 1451 1087 1529 aliter
1107 1451 1458 1532 aPseudolloetlrio

275 1585 492 1687 categoriam
519 1585 704 1663 relationis
737 1586 782 1663 de
810 1588 885 1664 Deo
916 1586 1112 1687 praedicari.
1146 1587 1238 1664 Dicit
1265 1589 1456 1668 Boetius:

278 1757 294 1786 ι
324 1718 497 1818 (Relativa
523 1723 619 1817 sunt)
643 1745 798 1822 quorum
824 1721 1023 1799 substantia
1046 1728 1101 1797 est
1128 1722 1174 1796 ud
1196 1721 1329 1820 aliquid
1351 1722 1459 1798 aliud

275 1851 411 1949 referri,
428 1860 464 1929 et
483 1876 564 1951 quae
585 1853 632 1928 ita
654 1864 737 1930 sunt
753 1863 791 1929 ut
806 1855 884 1957 ipsa
903 1854 939 1930 id
958 1855 1054 1956 quod
1075 1856 1223 1930 suntad
1241 1855 1457 1931 oliudrefe-

275 1994 411 2085 rantur,
426 1996 462 2063 et
476 2011 555 2063 esse
570 2010 696 2063 eorum
711 1987 758 2062 sit
771 1989 816 2062 nd
829 1987 962 2086 aliquid
979 1988 1079 2062 uliud
1097 1986 1222 2064 referri
1233 1983 1259 2064 ³.
1279 2025 1295 2057 »
1315 1987 1455 2065 ductor

276 2131 397 2196 autem
426 2119 507 2195 libri
536 2122 577 2195 de
607 2123 780 2199 Trinitotc
807 2120 936 2197 asserit
967 2119 1177 2198 relationem
1202 2146 1277 2197 non
1306 2145 1456 2222 semper

274 2279 353 2332 esse
377 2253 553 2353 adalind,
577 2255 641 2332 sed
665 2280 744 2331 esse
767 2276 874 2353 posse
892 2252 938 2328 11
960 2252 1055 2328 idem
1076 2288 1085 2331 ε
1110 2283 1126 2315 r
1146 2256 1237 2330 Sane
1261 2251 1455 2329 sciendum

274 2397 329 2465 est
355 2412 427 2464 non
453 2412 595 2489 semper
622 2389 732 2464 talem
761 2410 840 2463 esse
868 2385 1055 2463 relativam
1079 2386 1386 2487 predicationem,
1413 2396 1454 2462 ut

274 2547 416 2622 semper
440 2523 485 2598 ad
511 2523 678 2599 differens
708 2520 957 2622 predicetur...
987 2518 1111 2598 relatio
1134 2528 1188 2596 est
1211 2518 1247 2594 in
1274 2517 1455 2596 Trinitute

275 2655 390 2730 Patris
405 2655 449 2731 11
470 2655 600 2732 Filium
619 2665 654 2732 et
674 2655 861 2754 utriusque
881 2654 927 2730 ad
949 2654 1119 2754 Spiritum
1135 2661 1299 2730 sanctum
1318 2660 1357 2728 ut
1373 2656 1455 2754 ejus

275 2789 373 2888 quod
389 2798 442 2864 est
458 2789 553 2866 idem
569 2788 664 2866 adid
680 2790 776 2890 quod
791 2798 845 2867 est
860 2790 955 2865 idem
964 2783 988 2864 ³.
1008 2826 1023 2859 a
1047 2786 1139 2872 Quid
1158 2785 1269 2862 inde?
1285 2829 1339 2840 --
1354 2784 1455 2861 lllud

275 2921 390 2998 solum
406 2947 547 3000 :vocem
555 2947 711 3023 parone
721 2924 759 2999 in
776 2923 946 3000 Trinitate
961 2946 1039 2997 esse
1054 2921 1240 2998 relativam
1255 2942 1297 2995 ac
1311 2919 1453 2997 directe

273 3068 307 3133 et
335 3055 532 3134 formaliter
562 3057 749 3159 designare
780 3058 817 3134 in
850 3059 924 3136 Deo
957 3056 1210 3158 proprietatem
1243 3053 1451 3149 relativam,

273 3190 443 3267 indirecte
459 3199 580 3268 autem
595 3202 629 3269 et
644 3191 859 3269 secundario
875 3201 1000 3269 notare
1011 3184 1280 3267 substantiam&
1292 3188 1452 3266 Involvit

272 3347 356 3424 ergo
372 3323 580 3404 relationem
597 3327 642 3404 ad
655 3326 878 3403 differentem
894 3333 929 3417 et
945 3324 1156 3402 relationem
1170 3324 1216 3400 ad
1232 3323 1338 3400 idem.
1354 3322 1450 3420 lirgo

271 3457 367 3534 nullu
387 3459 619 3538 contradictio
634 3461 670 3536 in
685 3461 797 3538 Boetii
812 3460 985 3537 doctriua.

325 3595 529 3670 Secundum
555 3595 790 3696 Opusculum,
818 3597 945 3671 Utrum
970 3591 1114 3682 Pater⁵,
1138 3600 1218 3689 eto,
1243 3616 1316 3668 non
1340 3589 1449 3670 novis

270 3728 416 3826 quidem
438 3728 576 3804 artibus
594 3728 735 3829 impetit
757 3728 973 3805 Nitzschius.
999 3727 1172 3801 Recantat
1191 3724 1286 3800 enim
1314 3760 1329 3790 «
1352 3723 1449 3799 illud

270 3859 414 3958 prodire
437 3884 511 3938 non
534 3885 641 3963 posse
665 3863 828 3940 aBoetio
851 3860 1067 3961 philosopho
1091 3857 1394 3952 anti-christian03
1425 3894 1445 3926 »

301 4241 309 4274 ⁴
334 4238 374 4288 De
387 4239 496 4301 Triuia,
510 4254 532 4290 c.
546 4252 582 4290 111.

299 4321 312 4353 ¹
334 4319 429 4383 lligne,
442 4325 505 4370 tom.
521 4319 607 4381 LXIV,
622 4319 671 4370 col.
686 4320 742 4370 236.

282 4444 285 4450 .
301 4402 313 4434 ⁸
334 4399 373 4448 De
387 4399 494 4460 Triuia,
509 4415 531 4449 c.
546 4413 580 4450 vr.

296 4481 312 4513 ⁴
333 4480 370 4531 Cl.
386 4479 512 4541 Peraeae,
526 4480 615 4530 Truct.
626 4481 659 4531 de
672 4480 780 4542 Terruit,
792 4480 888 4546 Migne,
902 4481 1020 4533 101185.

301 4558 313 4591 ⁵
333 4558 429 4622 migne,
442 4563 505 4609 tom.
519 4558 604 4618 cxlv,
618 4559 667 4610 col.
681 4558 757 4628 12993
769 4559 873 4622 Peiper,
887 4574 913 4623 p.
928 4560 984 4610 tot.
