3240 5468
713 441 892 514 ...54-

216 635 367 715 antistes
384 633 635 735 Symmachus.
652 630 752 709 Idem
771 631 932 709 Pontifex
947 631 1110 708 umanum
1129 653 1248 730 regem
1268 631 1397 708 Theo·

217 768 381 847 doricum
400 768 437 847 in
461 769 557 845 Urbe
582 764 766 844 eeclesiam
788 767 826 842 S.
846 765 942 842 Petri
958 773 992 842 et
1007 762 1248 866 apostolorum
1265 763 1399 842 limina

218 910 453 982 venerantem
476 899 624 1001 excepit.
646 898 803 976 Gothicae
821 898 859 974 in
877 897 980 974 ltalia
1001 894 1233 974 dominationi
1247 895 1396 974 favebat

219 1035 397 1115 Anastasii
419 1032 645 1135 imperatoris
665 1032 701 1107 in
717 1029 908 1109 orientales
928 1029 1119 1108 catholicos
1134 1029 1260 1132 agendi
1286 1031 1398 1110 ratio.

219 1173 315 1249 Dum
341 1169 438 1246 euim
461 1165 679 1245 orthodoxos
704 1173 987 1266 persequeretur,
1012 1161 1298 1263 opprimeretque
1321 1162 1396 1239 im-

221 1302 303 1406 pius
328 1299 549 1399 Anastasius,
575 1298 661 1375 nihil
681 1320 746 1399 pro
770 1300 878 1375 rebus
902 1296 1049 1397 gothicis
1069 1295 1222 1373 initalia
1241 1296 1397 1396 periculi

222 1445 312 1516 erat.
323 1436 426 1510 Anno
441 1441 562 1511 autem
579 1426 669 1528 518,
685 1430 723 1505 in
742 1429 887 1532 propria
902 1428 1021 1525 domo,
1036 1428 1183 1505 fulmine
1200 1453 1398 1528 percussus

224 1566 379 1646 Orientis
414 1564 610 1666 imperator
637 1561 883 1640 detestabilem
915 1562 1021 1639 vitam
1050 1561 1251 1638 miserrimo
1276 1561 1398 1638 finivit

223 1699 332 1796 exitu,
358 1721 400 1774 ac
428 1696 568 1773 Iustino
593 1695 755 1798 principe
779 1693 952 1774 catholico
972 1695 1007 1771 iu
1027 1697 1104 1796 ejus
1125 1694 1243 1772 locum
1268 1718 1399 1772 succe-

223 1834 341 1928 dente,
358 1855 425 1933 pur
440 1829 605 1908 Ecclesiae
621 1829 784 1907 restituta
795 1838 859 1906 est.
877 1829 928 1905 Itd
944 1829 1172 1905 Hermisdam
1187 1827 1396 1928 pontificem

224 1965 401 2044 scrihebat
415 1964 512 2041 euim
533 1959 729 2061 lustinus¹,
749 1987 843 2039 anuo
860 1956 936 2040 519
955 1993 962 2037 :
983 1994 998 2028 α
1017 1962 1109 2051 Quid
1125 1970 1242 2039 autem
1258 1961 1396 2061 gratius

227 2129 243 2164 n
274 2095 423 2199 reperiri
446 2104 574 2196 potest,
599 2095 685 2195 quid
707 2097 854 2196 justius,
878 2096 964 2196 quid
984 2096 1156 2172 illustrius
1173 2119 1281 2195 quam
1301 2119 1396 2194 quus

103 2279 108 2293 .
226 2264 242 2297 e
274 2229 369 2308 idem
385 2253 536 2329 regnum
551 2229 721 2327 continet,
738 2230 898 2330 ejusdem
917 2228 999 2306 fidei
1020 2229 1135 2306 cultus
1154 2228 1311 2329 irradiat,
1333 2253 1395 2306 eos

228 2395 242 2429 ν
274 2361 834 2440 nundiversacontendere...?»

278 2494 414 2572 Eodem
443 2516 539 2571 anno
574 2518 646 2594 quo
675 2495 750 2570 haec
775 2494 975 2594 gratissima
999 2497 1109 2572 verha
1137 2494 1182 2571 ad
1211 2518 1395 2572 summum

225 2629 433 2730 pontificem
456 2627 656 2705 destinabat
681 2627 843 2704 lustinus
867 2628 1062 2729 imperator
1087 2628 1310 2706 consulatum
1334 2654 1394 2730 ge-

153 2848 157 2854 ·
225 2762 325 2836 rebat
359 2761 573 2839 Eutharicus
607 2785 727 2838 comes
761 2761 820 2860 qui
856 2761 1064 2839 Theoderici
1101 2761 1396 2839 Amalasuntham

225 2893 335 2971 filiam
362 2893 399 2971 in
425 2919 570 2972 uxorem
593 2896 753 2975 duxerat.
786 2926 803 2960 α
829 2896 911 2971 Fuit
945 2906 1064 2973 autern
1095 2896 1318 2993 Eutharicus,
1348 2895 1396 2971 uit

225 3050 428 3128 anonymus
453 3028 676 3126 Valesiuuus,
700 3028 806 3105 nimis
827 3054 932 3129 asper
950 3038 984 3106 et
1004 3039 1125 3108 contra
1147 3030 1255 3107 fidem
1270 3029 1397 3106 catho-

225 3158 331 3237 licam
346 3160 524 3238 inimicus.
548 3193 563 3227 a

279 3293 370 3391 Ergo
397 3293 576 3371 Eutharici
602 3295 757 3372 consulis
778 3296 815 3370 in
839 3296 1031 3374 catholicos
1055 3296 1216 3373 infensus
1239 3297 1395 3395 amimea,

226 3425 448 3501 Francorum
476 3425 760 3504 christianissimi
790 3428 882 3529 regis
918 3438 1081 3506 recentes
1112 3430 1268 3507 victoriae
1292 3440 1327 3507 et
1358 3431 1396 3506 iu

226 3555 1396 3664 Sedemhpostolicamverefilialisacnecessariusaffectus,ejus·

225 3690 308 3768 dem
319 3692 551 3769 cumJustiuo
562 3693 724 3794 principe
735 3720 802 3794 par
814 3694 1027 3792 etamicitia,
1040 3720 1178 3774 necnon
1189 3696 1397 3798 ipsiuslus-

227 3823 291 3898 tini
308 3825 553 3901 Romanorum
568 3825 795 3926 imperatoris
812 3827 867 3928 pia
884 3827 919 3902 iu
937 3828 1124 3905 romanum
1142 3830 1347 3907 Pontificem
1362 3839 1397 3907 et

227 3955 392 4033 Ecclesiae
407 3955 533 4034 devota
545 3957 817 4035 administrandi
831 3960 930 4058 ratio,
943 3985 1075 4038 uorum
1086 3962 1292 4039 Theoderici
1303 3963 1396 4064 regis

227 4088 429 4200 consilium,
445 4114 557 4168 novos
573 4115 694 4167 rerum
709 4091 888 4191 impulsus
904 4094 1079 4194 aperiunt.
1095 4097 1135 4171 In
1151 4095 1207 4171 his
1223 4103 1397 4172 extremo·

260 4394 270 4430 ¹
293 4393 438 4445 Hormisdae
450 4394 525 4457 epist.
541 4398 568 4444 et
583 4393 692 4457 decret„
714 4394 807 4460 iligna,
821 4402 839 4445 t.
852 4397 947 4459 LXIII,
961 4399 1009 4448 col.
1022 4399 1079 4449 tte.
1097 4426 1129 4436 -
1147 4400 1223 4449 Anno
1239 4400 1286 4450 ert
1307 4415 1322 4450 e
1344 4401 1396 4451 vita

226 4478 341 4523 cesserat
359 4472 533 4538 Symmachus
546 4489 620 4538 papa,
643 4489 673 4523 ac
689 4480 790 4540 septem
805 4482 862 4539 post
883 4477 940 4541 ejus
959 4478 1060 4528 ehilum
1079 4479 1135 4530 dies
1146 4479 1245 4530 electus
1265 4481 1350 4543 luepat
1368 4481 1395 4530 ln

225 4566 359 4608 summum
375 4552 533 4605 Pontificem
552 4555 712 4616 Hormisdou,
725 4561 822 4609 sancte
841 4558 959 4610 eeclesiae
972 4572 1088 4610 romanae
1100 4558 1242 4622 dlaconus,
1253 4558 1298 4623 qui
1319 4559 1395 4612 lateri

224 4632 375 4700 Symmachi
388 4647 462 4702 papae
470 4647 575 4702 semper
586 4633 727 4691 inheserat
738 4636 881 4705 (Barantea,
893 4639 999 4696 adanu.
1009 4638 1077 4717 att),
1180 4711 1182 4717 Ι
