3240 5468
707 426 881 497 44..

216 614 444 693 difficillimas
463 642 484 693 e
510 640 610 694 sacra
631 616 822 719 Theologia
841 618 1070 719 quaestiones,
1086 639 1155 718 ope
1175 614 1391 714 dialecticae,

218 747 364 825 feliciter
389 749 502 826 solvit.
529 752 682 828 Numero
705 751 863 853 quinque
886 758 1080 852 supersunt
1104 749 1181 848 ejus
1207 748 1391 848 opuscula

221 878 426 980 theologica,
438 908 518 983 qnae
530 885 682 985 genuina
701 885 1061 987 proesupponimus,e
1077 882 1206 982 quihus
1224 880 1393 958 eminent

220 1015 418 1112 presertim
430 1017 536 1093 Liber
550 1021 592 1094 de
604 1035 724 1096 sancto
739 1021 925 1109 Trinitatc,
943 1018 988 1095 ad
1005 1016 1262 1119 Symmachum
1281 1039 1392 1092 soce-

220 1169 316 1240 rum,
333 1155 369 1223 et
381 1151 487 1225 liber
504 1167 624 1229 contro
643 1155 824 1255 Eutychen
848 1167 879 1230 et
893 1153 1099 1229 Nestorium
1117 1149 1164 1226 ad
1182 1148 1390 1226 iohannem

221 1276 425 1359 diaconum.
439 1284 490 1360 De
502 1284 559 1362 his
576 1286 657 1366 fuse
672 1288 814 1387 lateque
828 1287 979 1388 posthac
997 1282 1248 1385 disputabitur.

275 1415 364 1491 Vere
378 1416 593 1497 christianus
609 1421 842 1523 philosophus
856 1420 923 1497 luit
936 1419 1100 1513 Boetius3
1119 1415 1392 1519 philosophiam

222 1547 404 1626 adamavit
431 1562 470 1629 ut
495 1586 513 1622 ι
540 1556 708 1656 praeviam
726 1554 876 1632 luminis
890 1549 994 1634 reri¹
1018 1585 1051 1648 ι,
1072 1551 1158 1629 fidei
1182 1549 1392 1628 christianae

224 1681 366 1780 scilicet,
381 1693 421 1762 ut
435 1712 618 1766 summum
632 1690 742 1767 totins
757 1689 837 1768 vitae
851 1688 1023 1765 solamen.

275 1816 339 1895 llis
346 1820 462 1898 verbis
472 1824 517 1901 de
529 1849 595 1902 suo
605 1823 840 1926 philosophiae
855 1821 974 1898 studio
989 1843 1072 1897 cum
1083 1817 1298 1919 Symmacho
1315 1815 1393 1895 dis·

223 1950 327 2034 serit:
345 1987 362 2024 s
382 1957 471 2032 Cum
486 1959 523 2032 in
541 1959 711 2035 omnihus
725 1955 962 2059 philosophiae
975 1953 1173 2054 disciplinis
1187 1951 1391 2030 ediscendis

228 2116 245 2152 ι
275 2096 382 2188 atque
396 2091 589 2168 tractandis
603 2116 786 2168 summum
807 2091 889 2167 vitae
908 2088 1066 2190 positum
1086 2087 1242 2163 solamen
1260 2085 1391 2163 existi-

224 2251 244 2287 ·
274 2245 381 2322 mem,
397 2233 473 2301 tum
485 2226 680 2325 jocundius
695 2248 737 2301 ac
751 2225 861 2301 veluti
880 2247 964 2300 cum
975 2221 1133 2322 quodam
1146 2219 1263 2294 fructu
1278 2219 1391 2295 etiam

225 2384 242 2420 »
274 2355 404 2435 laboris
418 2360 642 2462 accipioquae
657 2352 1391 2454 tecumcommunicandacompono.llam

223 2521 242 2581 ρ
272 2491 339 2567 etsi
354 2492 432 2593 ipsa
446 2494 643 2595 speculatio
658 2493 817 2572 veritatis
834 2516 900 2568 sua
914 2490 1071 2591 quadam
1087 2489 1204 2591 specie
1219 2487 1391 2563 sectanda

222 2654 242 2690 ι
274 2631 340 2722 est,
351 2625 393 2700 fit
408 2635 530 2704 tamen
544 2627 733 2704 amabilior
747 2649 832 2702 cum
843 2625 879 2700 iu
890 2647 1082 2701 commune
1094 2619 1392 2699 deducitur...fit-

224 2789 241 2824 ι
272 2781 342 2858 quc
366 2760 557 2859 jucundior
586 2760 777 2861 disciplina
799 2783 881 2835 cum
906 2760 1000 2833 inter
1020 2755 1182 2855 ejusdem
1205 2755 1390 2855 sapientiae

223 2923 241 2958 ι
271 2895 432 2972 conscios
443 2895 546 2996 J'uhet
559 2920 638 2972 esse
654 2896 892 2998 sapientem„
911 2890 1016 2981 Quod
1036 2891 1144 2990 igitur
1157 2890 1253 2991 apud
1273 2889 1391 2991 scrip-

223 3057 242 3093 ·
271 3038 366 3104 tores
399 3031 547 3128 quidem
576 3032 717 3107 Graecos
745 3054 809 3130 per
843 3050 955 3127 quam
988 3024 1208 3121 rarissimos,
1239 3023 1392 3100 strictim

223 3191 241 3226 ι
272 3170 379 3261 atque
403 3163 565 3259 contuse,
586 3162 684 3263 apud
708 3163 853 3239 Latinos
873 3187 958 3240 vcro
979 3161 1096 3237 nullos
1115 3160 1243 3260 reperi,
1266 3160 1302 3236 id
1321 3167 1392 3234 tute

224 3322 242 3357 ι
273 3293 431 3371 scientie
448 3294 664 3393 dedicatum,
681 3303 805 3373 noster
827 3297 893 3373 etsi
913 3296 1118 3393 diuturnus,
1144 3294 1250 3394 coepti
1269 3302 1392 3370 tamen

223 3457 243 3493 ι
273 3426 398 3505 efficax
414 3430 516 3506 lahor
525 3429 677 3506 excoluit
690 3428 714 3506 ².
731 3464 749 3499 ι
767 3433 883 3518 Quam
899 3429 975 3506 haec
993 3429 1085 3504 hene
1100 3438 1392 3504 consoneuteum

222 3561 337 3636 verbis
360 3564 406 3638 ad
431 3562 601 3640 eumdem
625 3564 884 3664 Symmachum
908 3563 945 3638 in
964 3564 1071 3639 Libro
1096 3563 1138 3635 dc
1154 3560 1195 3637 S.
1220 3562 1392 3636 Tri-ssiteta

222 3716 328 3773 nemo
352 3722 428 3775 nou
444 3697 577 3775 videt:
607 3730 626 3763 α
652 3698 907 3798 Investigatam
932 3695 1136 3772 diutissime
1157 3692 1392 3794 quaestionem

227 3857 245 3892 ι
273 3826 468 3906 formatam
482 3830 700 3939 rationihns7
715 3829 912 3928 litterisque
932 3828 1152 3922 mandatam,
1173 3826 1390 3903 afferendam

226 3989 245 4025 ι
277 3962 375 4037 vobis
390 3963 799 4065 communicandamque
812 3961 947 4056 curavi,
960 3970 1034 4037 tam
1049 3961 1157 4040 vestri
1173 3961 1324 4074 cupidus
1336 3962 1392 4061 ju·

228 4122 246 4157 ι
275 4093 372 4183 dicii,
401 4121 511 4195 quam
530 4097 642 4173 nostri
667 4097 851 4173 studiosus
875 4096 1061 4172 inventi.»
1090 4099 1132 4170 Et
1156 4095 1200 4170 ad
1226 4095 1387 4170 calcem:

1296 4329 1392 4341 ...ι-

259 4487 269 4520 ¹
291 4487 408 4552 Gomon,
420 4490 468 4541 lib.
481 4490 523 4552 tv,
535 4505 577 4554 pr.
591 4491 615 4541 l.

260 4569 272 4601 ¹
292 4568 702 4636 nesyo.ayp.‚1u.1,urgne,
718 4569 861 4633 arnapa.
873 4569 931 4621 aar.
