3240 5468
715 479 760 490 ...
783 439 893 517 99..

220 629 321 704 Hanc
345 628 607 705 distinctionem
637 651 745 728 quam
769 630 1001 726 magistralem
1029 630 1196 728 dicimus,
1222 633 1299 731 jam
1333 632 1389 708 his

221 760 333 836 Boetii
357 761 475 837 verbis
504 763 736 838 continetur:
765 792 780 824 «
807 761 1044 861 singularitati
1069 772 1104 839 et
1130 765 1387 842 universalitati

223 918 334 968 uuum
355 894 500 992 quidem
516 896 714 993 subiectum
731 903 795 993 est,
812 894 876 969 sed
895 896 966 971 alio
986 897 1093 972 modo
1115 897 1316 974 universale
1336 905 1390 973 est

167 1079 170 1084 -
221 1051 302 1105 cum
323 1026 509 1126 cogitatur,
535 1026 604 1101 alio
628 1027 808 1126 singulare
823 1051 906 1103 cum
923 1029 1074 1104 sentitur
1090 1030 1125 1104 in
1142 1032 1248 1106 rebus
1269 1031 1334 1126 bis,
1350 1030 1389 1107 iu

221 1160 351 1260 quibus
365 1159 473 1236 babet
487 1184 564 1236 esse
580 1162 722 1236 sunm¹.
748 1190 764 1220 »

156 1303 159 1307 ’
274 1292 425 1369 Cuilibet
448 1319 530 1393 ergo
557 1303 669 1369 totam
688 1295 731 1372 de
758 1296 1018 1373 universalibus
1041 1297 1241 1374 doctrinam
1266 1299 1388 1375 consi-

220 1427 359 1504 deranti
380 1425 611 1502 manifestum
632 1436 684 1501 est
703 1429 865 1503 boetium
883 1430 976 1506 hanc
991 1430 1225 1528 quaestionem
1244 1431 1389 1507 maximi

220 1561 393 1637 momenti
414 1569 486 1635 tam
504 1559 687 1659 diligenter
702 1585 812 1660 quam
828 1562 1002 1638 subtiliter
1018 1563 1177 1660 solvisse,
1194 1563 1388 1639 discrimen

220 1691 356 1768 scilicet
384 1692 608 1792 agnoscendo
637 1693 731 1768 inter
756 1692 845 1767 illud
871 1694 1068 1770 universale
1092 1693 1188 1793 quod
1214 1695 1387 1770 directum

221 1852 286 1902 suu
318 1826 604 1927 metaphysieum
637 1826 789 1901 dicimus
822 1835 856 1902 et
890 1826 1090 1904 universale
1120 1827 1289 1904 reflexum
1325 1851 1389 1902 seu

219 1959 387 2060 logicum.
405 1960 494 2034 Cum
514 1961 558 2035 ab
581 1982 650 2034 uno
670 1958 715 2033 ad
736 1958 888 2034 alterum
905 1959 947 2034 fit
964 1959 1144 2054 transitus,
1160 1959 1391 2036 confunditur

221 2092 311 2169 ordo
335 2092 601 2192 metaphysicus
628 2101 662 2168 et
687 2092 791 2168 realis
816 2117 900 2167 cum
924 2092 1046 2169 ordine
1069 2092 1181 2193 logico
1205 2117 1268 2168 seu
1294 2075 1390 2168 mere

222 2224 340 2302 ideali.
361 2227 404 2299 Et
417 2224 500 2300 inde
515 2225 659 2325 pessimi
675 2248 813 2301 errores
829 2224 1026 2300 dimanant.

276 2360 456 2435 Ponamus
472 2359 570 2435 enim
586 2359 684 2434 buno
699 2358 944 2458 syllogismum
961 2392 969 2437 :

276 2491 377 2568 ldem
390 2503 443 2568 est
459 2491 586 2568 modus
606 2491 778 2568 existendi
798 2493 849 2568 rei
868 2491 1053 2569 intellectae
1077 2515 1119 2570 ac
1137 2492 1267 2569 modus
1286 2493 1394 2569 intel-

222 2625 356 2726 ligendi
371 2650 446 2701 rem
462 2625 589 2726 ipsam.

277 2758 383 2857 Atqui
402 2759 557 2834 existunt
573 2767 712 2834 lantum
728 2758 945 2858 singularia3

278 2895 367 2992 Ergo
387 2892 633 2987 intelliguntur
650 2900 786 2965 tantum
808 2890 1015 2990 singularia,
1030 2897 1065 2965 et
1085 2890 1297 2966 universalia
1319 2914 1390 2967 nou

224 3033 308 3101 sunt
323 3025 391 3102 nisi
407 3048 513 3100 merae
529 3047 640 3101 voces.
665 3024 718 3097 En
737 3021 1012 3098 nominalismus
1028 3030 1158 3124 praesto
1176 3032 1242 3098 est.

224 3145 227 3150 ’
278 3160 422 3257 lterum,
439 3159 500 3234 sed
516 3166 652 3232 mutata
668 3164 809 3232 tantum
828 3156 1102 3256 subsumptionc
1122 3188 1130 3232 :

278 3293 376 3368 Idem
392 3305 445 3368 est
475 3291 602 3367 modus
617 3289 791 3367 existendi
807 3289 858 3364 rei
876 3289 1061 3366 intellectae
1080 3313 1122 3365 ao
1146 3290 1272 3366 modus
1291 3289 1394 3366 intel·

225 3425 590 3526 Qmfflmmmmm

279 3560 383 3660 Atqui
397 3559 643 3659 intelliguntur
657 3565 793 3635 tantum
810 3556 1038 3634 universalia.

278 3697 370 3794 Ergo
392 3693 548 3771 existunt
571 3700 711 3769 tantum
730 3689 873 3767 realiter
896 3688 1121 3784 universalia,
1146 3701 1181 3765 et
1200 3689 1394 3789 singularia

226 3850 298 3907 non
315 3838 398 3905 sunt
420 3827 489 3904 nisi
505 3828 757 3928 phantasmata
771 3848 811 3900 ac
829 3848 931 3902 vanae
946 3848 1067 3900 rerum
1082 3823 1229 3924 species.
1255 3825 1304 3900 En
1321 3849 1396 3904 rea·

222 3961 350 4041 lismus
369 3986 411 4039 ae
425 3961 634 4038 idealismus
649 3984 772 4060 purus.

222 4128 245 4159 τ
278 4099 408 4174 Contra
423 4104 595 4194 utrosque
611 4103 731 4172 autem
747 4094 883 4171 dixerat
902 4093 1071 4171 Boetius:
1101 4131 1117 4163 «ι
1140 4092 1298 4169 Sentitur
1317 4091 1396 4166 sin-

227 4229 358 4330 gulare,
376 4229 585 4328 intelligitur
605 4227 817 4304 universale.
839 4262 854 4295 »
873 4229 922 4302 Ac
937 4250 1062 4301 rursus
1079 4231 1117 4299 ut
1131 4224 1242 4323 probe
1258 4222 1395 4298 discer-

226 4434 422 4451 m

224 4528 227 4533 ¹
261 4543 272 4577 ¹
291 4539 327 4592 ln
344 4532 476 4607 Poleour.
496 4556 513 4591 α
528 4555 556 4591 se
570 4541 708 4601 translat„
723 4540 769 4589 lib.
787 4540 806 4590 l.
