3240 5468
708 459 904 532 -ttt-

222 650 421 726 habebatur
449 653 499 749 (p.
532 643 635 746 123).
664 652 829 737 Quonam
862 660 982 729 aulem
1017 660 1177 755 tempore
1206 664 1390 734 exaratum

222 784 329 861 luerit
348 783 516 861 volumen
535 787 576 860 rte
596 786 775 861 Triuitote
789 787 965 862 incertum
984 798 1057 882 est3
1080 790 1255 888 pertinere
1271 800 1390 867 tamen

223 917 362 994 videtur
379 916 423 992 ad
440 924 579 994 aetutem
599 917 721 994 Boetio
736 919 982 1018 posteriorem,
993 943 1078 995 nam
1094 921 1205 996 molta
1222 922 1391 1020 continet,

224 1051 299 1128 sire
317 1051 437 1149 verba,
461 1053 535 1130 sive
559 1049 764 1152 sententias,
784 1076 863 1151 quae
883 1077 925 1129 ex
944 1053 1051 1152 hujus
1069 1052 1269 1155 philosophi
1292 1053 1392 1130 libris

224 1186 463 1263 desumuntur
479 1191 527 1287 (p.
551 1181 652 1284 173).

278 1321 360 1395 Haeo
379 1329 433 1395 est
448 1344 591 1395 summa
607 1319 789 1395 rationum
808 1343 829 1394 a
847 1320 1047 1399 Nitzschio¹
1069 1330 1190 1398 contra
1206 1323 1339 1398 librum
1354 1325 1410 1398 ule.

228 1455 402 1530 Triuitute
421 1453 661 1532 inductorum.
682 1456 729 1530 Ex
752 1454 807 1530 his
830 1477 1010 1555 perpauca
1035 1463 1173 1531 tantum
1199 1455 1394 1532 refellenda

225 1586 443 1666 curabimus.

279 1719 481 1821 Opponitur
501 1718 665 1796 doctrina
683 1719 726 1797 dc
742 1721 826 1818 Deo,
843 1721 1032 1824 desumpta
1051 1747 1092 1824 ex
1113 1723 1204 1803 libro
1219 1727 1260 1801 de
1273 1726 1397 1802 Inter-

221 1857 432 1954 pretutionc,
458 1855 540 1933 huic
565 1855 735 1932 doctrinae
757 1879 867 1955 quam
891 1856 999 1934 refert
1020 1858 1123 1935 Liber
1145 1862 1186 1934 de
1207 1861 1393 1949 Trinitas,

227 1990 290 2066 sed
313 1988 504 2068 immerito.
528 1988 660 2087 Primo,
681 1989 731 2065 ita
759 1989 917 2088 loquitur
941 1987 1084 2064 Boetius
1104 1987 1148 2065 de
1171 1989 1396 2101 simplicitate

228 2120 316 2199 Dei:
337 2160 352 2193 a
377 2123 417 2196 ln
438 2121 599 2197 omnium
621 2119 777 2195 maximo
796 2120 868 2196 Deo
888 2118 1061 2218 quidquid
1086 2118 1304 2219 intelligitur,
1325 2146 1397 2198 non

227 2254 265 2329 in
285 2281 327 2332 eo
347 2257 622 2351 accidentaliter,
643 2255 706 2332 sed
727 2252 1006 2330 substantialiter
1028 2252 1246 2351 intelligitur,
1267 2254 1398 2329 etenim

227 2411 308 2486 queo
331 2390 424 2466 hona
460 2399 545 2465 sunt
572 2387 856 2465 substantialiter
884 2388 928 2464 de
960 2411 1003 2464 eo
1032 2411 1104 2473 non
1133 2386 1399 2463 accidentaliter

228 2519 441 2599 oredimus².
464 2555 478 2587 a
497 2523 631 2598 Eadem
650 2521 778 2623 repetit
796 2521 941 2604 Boetius
960 2521 1038 2597 aliis
1060 2521 1174 2599 verbis
1195 2520 1232 2595 in
1251 2521 1342 2596 libro
1360 2523 1401 2594 de

1353 2754 1401 2764 ——a

265 2876 273 2909 ¹
293 2874 324 2922 In
347 2874 527 2924 recentissima
546 2875 668 2936 editione,
685 2875 728 2926 W.
748 2875 774 2926 S.
795 2874 904 2936 Teuffel,
917 2873 1077 2924 Gesclrirhte
1091 2871 1138 2922 der
1149 2871 1317 2922 roemischen
1331 2871 1400 2922 Lite-

228 2959 318 3015 rotur,
339 2954 452 3018 Leipzig,
476 2954 547 3016 1875,
568 2955 699 3005 concludit
715 2960 806 3005 auctor
823 2959 913 3004 contra
928 2953 1046 3003 Boetium
1063 2952 1223 3016 theologum.
1237 2950 1302 3002 Cum
1313 2956 1402 3001 autem

228 3032 261 3080 ad
273 3031 435 3082 Nitzschium
447 3047 504 3082 sese
517 3033 622 3092 reserat,
634 3047 665 3081 ac
677 3034 750 3083 litem
767 3034 872 3083 dirimat
880 3034 965 3096 junctu
976 3033 1110 3082 Nitzsclu'i
1122 3032 1262 3096 flumenta,
1277 3035 1403 3095 quotquot

229 3110 384 3176 collegimus
406 3117 561 3176 argumenta
586 3118 676 3165 contra
701 3115 895 3165 herolinensem
925 3114 1046 3164 criticum
1076 3113 1154 3163 etiam
1185 3118 1273 3162 contra
1305 3112 1403 3163 Teuffel

230 3193 371 3242 maximam
383 3191 480 3241 habent
490 3193 550 3241 rim.
562 3192 629 3242 Dicit
641 3194 712 3243 eninr
727 3195 759 3245 de
773 3195 903 3259 opusculis
913 3195 1067 3260 theologicis
1079 3213 1085 3246 ι
1098 3213 1108 3242 r
1121 3197 1208 3245 Daren
1217 3193 1404 3259 vollstaendiqe

231 3273 406 3324 Unaechtheit
416 3274 449 3324 ist
460 3274 650 3325 unzweilelhalt
660 3275 718 3340 (uu,
728 3276 781 3326 und
795 3290 846 3326 von
858 3276 887 3328 F.
900 3275 1006 3326 Nitzsch
1017 3277 1177 3327 ausliihrlich
1190 3277 1377 3328 ueberwiesen.
1392 3295 1402 3323 r

230 3353 297 3404 Tum
309 3360 448 3419 sequentes
460 3355 535 3404 affert
550 3357 663 3408 rationes
675 3373 681 3407 :

263 3438 284 3486 I.
312 3438 391 3487 Nulla
417 3438 525 3503 vestigia
546 3437 694 3488 christianae
713 3435 837 3485 doctrina
861 3434 889 3483 in
913 3433 1099 3486 Consolatione
1122 3434 1296 3486 inveniuntur.
1324 3437 1402 3500 Resp.

233 3517 349 3582 Negatur
372 3535 378 3566 :
398 3519 424 3567 1ο
443 3519 544 3568 Adsunt
558 3517 687 3580 permulta
698 3515 807 3579 vestigia
821 3528 879 3577 quse
895 3515 1049 3576 retulimus3
1061 3511 1088 3560 Ψ
1103 3511 1146 3560 hic
1158 3510 1224 3561 liber
1236 3512 1304 3562 circa
1316 3513 1403 3575 philo-

232 3596 351 3660 sophiam
364 3597 525 3660 conscriptus
538 3601 586 3656 est,
599 3601 629 3645 ut
640 3595 703 3645 satis
715 3609 746 3644 ex
757 3593 832 3643 titulo
847 3596 917 3657 patet
928 3609 935 3656 ;
949 3605 1011 3656 ergo
1026 3591 1119 3639 exinde
1131 3581 1256 3654 sequitur,
1270 3595 1404 3640 auctorem

232 3689 310 3724 suum
320 3677 481 3739 propositum
494 3677 624 3740 persequi,
637 3690 687 3725 nec
697 3675 733 3724 od
746 3673 824 3723 uliud
834 3687 919 3736 pentes
928 3670 1039 3721 transire
1050 3686 1056 3733 ;
1071 3669 1098 3719 3⁰
1110 3674 1173 3719 tunc
1185 3671 1311 3733 temporis
1321 3671 1404 3734 philo·

232 3753 323 3817 sophia
335 3759 390 3804 erat
402 3755 488 3805 adhuc
498 3760 552 3806 tota
559 3754 704 3806 disserendi
715 3753 815 3803 ratione
826 3750 940 3817 gentilis
952 3750 1020 3815 Ergo
1032 3750 1098 3799 nihil
1114 3751 1175 3800 inde
1185 3755 1275 3801 contra
1287 3750 1406 3803 Boetium

231 3831 392 3897 theologum.
521 3882 522 3886 ,

264 3913 295 3961 ll.
312 3911 391 3962 Nulla
414 3913 552 3978 religionis*
569 3928 599 3963 ac
611 3914 713 3978 pietatis
725 3914 834 3978 uestigia
847 3917 974 3977 apparent
986 3913 1013 3962 in
1029 3911 1102 3962 libris
1114 3911 1205 3974 Boetii,
1218 3924 1280 3976 ergo
1294 3911 1407 3962 maxima

234 3991 408 4043 indifferentia
419 3994 519 4044 laborat
529 3994 599 4043 eirca
611 3994 756 4044 istiusmodi
769 3994 912 4057 reliqiosos
925 3993 1083 4056 quaestiones
1097 3991 1228 4042 Boethius.
1241 3991 1321 4054 Resp.
1333 3992 1408 4056 Neqo

233 4074 402 4124 antecedens.
415 4074 550 4123 Permulta
561 4075 618 4123 loca
630 4075 765 4124 attulimus
778 4089 809 4124 ex
821 4073 915 4138 quihus
927 4073 1008 4137 liquet
1027 4073 1147 4122 Boetium
1161 4072 1245 4122 virum
1256 4071 1409 4135 rehgiosum

234 4154 321 4204 luisse.
336 4154 375 4204 lta
386 4159 515 4205 testantur
527 4156 606 4204 etiam
619 4169 708 4204 rerum
722 4155 862 4218 scriptores
872 4155 939 4204 bene
951 4153 1039 4204 multi.
1055 4154 1087 4202 Et
1100 4153 1174 4214 Nepa
1188 4156 1358 4214 consequent.
1372 4151 1408 4200 Ex

235 4248 267 4283 eo
288 4235 356 4297 quod
376 4234 481 4284 Boetius
499 4235 596 4284 lihrum
618 4235 800 4298 conscripserit
820 4249 873 4283 non
894 4233 1017 4297 specifice
1036 4231 1215 4294 christianum,
1236 4231 1308 4280 nullo
1330 4231 1408 4280 modo

235 4314 352 4378 sequitur
370 4315 456 4380 ipsum
476 4330 529 4364 non
550 4315 662 4379 poluisse
681 4316 749 4365 elios
774 4315 855 4364 libros
870 4314 939 4364 circa
959 4311 1117 4376 theologiam
1129 4325 1246 4362 exarare.
1260 4311 1298 4360 De
1313 4315 1409 4363 coetero

236 4393 303 4444 nihil
314 4393 375 4445 fidei
387 4394 536 4445 christianae
550 4394 647 4445 directe
659 4395 805 4458 oppositum
817 4393 919 4458 scripsit
935 4392 1049 4443 Boetius.
1067 4390 1119 4455 Ipsi
1140 4404 1202 4455 ergo
1215 4389 1410 4454 patrocinantur

236 4475 293 4525 haec
305 4477 384 4526 verba
395 4474 529 4541 Evangelii
541 4494 547 4527 2
560 4476 632 4535 «Qut
643 4490 698 4526 nore
709 4482 750 4526 est
761 4476 905 4527 aduersum·
915 4489 971 4536 uos,
983 4487 1034 4537 pro
1045 4472 1118 4522 uobis
1128 4477 1168 4522 est
1181 4471 1268 4536 (lua,
1282 4483 1321 4534 rx,
1333 4471 1383 4534 50).
1396 4489 1409 4518 ι

270 4557 283 4589 ¹
304 4554 401 4621 Migne,
416 4561 479 4606 torn.
496 4555 581 4618 LXIV,
595 4557 644 4606 col.
658 4554 713 4605 tto.
