3240 5468
708 433 749 444 --
773 390 840 463 rus
862 431 904 441 --

228 618 245 657 s
272 569 431 683 hoedus,
456 593 635 683 mamque
658 598 745 659 conr
772 578 931 658 uulnus
954 575 1131 656 catholica
1155 577 1392 658 communio-

228 741 245 787 ἡ
274 742 357 797 nem
373 720 397 798 ¹,
429 746 445 788 s

277 851 484 930 Concedunt
504 851 666 929 enimes
688 841 903 926 adversariis
928 845 1074 946 quidam
1093 844 1256 922 Boetium
1276 842 1391 922 inisse

223 985 413 1083 natalibus,
432 984 623 1085 baptismo,
644 980 804 1059 moribus
821 987 855 1057 ct
875 979 1015 1080 scriptis
1029 977 1277 1055 christianum.
1293 979 1392 1054 Baur

223 1125 258 1197 et
280 1118 490 1215 Nitzschius,
511 1125 552 1194 ut
575 1138 681 1194 suurn
706 1114 751 1192 de
773 1112 896 1190 Boetio
916 1120 1074 1215 systema
1086 1110 1276 1213 aedificent,
1295 1113 1393 1190 circa

224 1251 430 1353 religionem
441 1258 477 1329 ct
486 1249 703 1350 theologiam
712 1268 795 1326 eum
804 1270 953 1349 prorsus
967 1246 1227 1327 indifferentem
1235 1243 1391 1347 fingunt.

222 1385 325 1487 Apud
349 1404 474 1461 omncs
493 1391 631 1461 certum
647 1389 704 1460 est
723 1383 820 1459 hunc
833 1382 951 1461 uirum
970 1382 1108 1461 ardenti
1124 1383 1246 1460 animo
1260 1392 1301 1459 et
1325 1404 1394 1483 per

223 1525 334 1595 totam
349 1517 458 1595 uitam
468 1516 732 1618 philosophiam
743 1516 946 1616 coluisse,et
961 1540 1186 1594 summorum
1200 1514 1393 1616 magistro·

222 1674 316 1749 rum,
340 1650 498 1729 Platonis
513 1670 644 1752 nempe
654 1659 694 1730 et
708 1650 918 1747 Aristotelis,
934 1650 1133 1728 doctrinam
1147 1649 1391 1750 amplexatum

221 1797 311 1886 csse,
323 1806 388 1862 nec
399 1786 450 1862 ita
461 1793 501 1861 ut
511 1786 548 1863 in
558 1785 709 1889 alicujus
720 1786 976 1889 juraretrerba
995 1782 1391 1885 magistrtsedutintor

225 1953 242 1986 ι
270 1919 494 1997 multimodae
519 1919 755 2023 philosophiae
783 1918 1000 2000 sectatorcs'
1030 1952 1046 1988 n
1075 1918 1261 1998 ueritatem
1284 1938 1391 1996 cons-

222 2057 339 2128 tanter
353 2052 596 2154 investigaret.
612 2055 710 2132 Licet
723 2054 819 2134 enim
833 2052 941 2132 luerit
955 2056 1000 2131 ab
1010 2051 1253 2131 'adolescentia
1270 2079 1291 2119 «
1303 2050 1392 2130 clea-

223 2185 301 2263 ticis
330 2209 373 2263 ac
402 2184 612 2266 academicis
639 2189 768 2266 studiis
793 2184 1012 2266 innutritus³
1044 2187 1166 2265 »licet
1195 2189 1388 2284 Socratem,

223 2312 420 2420 Platonem,
438 2321 673 2423 Aristotelem,
691 2322 883 2423 Zenonem,
903 2323 1101 2417 Lucanum,
1121 2322 1294 2424 Senecam
1307 2320 1389 2397 lau·

225 2444 330 2531 dibus
353 2454 528 2558 extulerit,
551 2464 769 2534 nontamen
792 2454 1033 2533 Eleaticorum
1051 2452 1293 2556 punthcismo,
1317 2476 1391 2531 non

226 2588 521 2669 Academicorum
537 2590 778 2694 scepticismo,
798 2612 872 2668 non
892 2588 1091 2666 Stoicorum
1115 2611 1155 2663 ac
1178 2585 1392 2687 Peripateti·

225 2744 351 2803 corum
365 2721 586 2827 ¹fatalisrno'⁸,
611 2748 685 2804 non
712 2723 1058 2827 neeplatonicorum
1077 2721 1302 2825 mysticismo
1324 2717 1392 2796 ali-

225 2858 435 2959 quantisper
444 2859 606 2939 adhaesit.
615 2862 706 2939 licre
720 2860 890 2937 aelectione
904 2857 1139 2961 philosophus
1153 2855 1221 2933 fuit
1234 2856 1390 2954 Boetius,

191 2985 192 2988 ‘
224 2989 633 3071 utvirumechristianis
645 2995 807 3096 partibus
817 2994 929 3096 decet,
940 3000 982 3071 ut
995 2994 1139 3072 fuerunt
1147 2990 1217 3094 ipsi
1228 2991 1392 3070 Clemens

225 3120 518 3225 Alexandrinos,⁵
533 3128 765 3207 ¹Lactantius⁸
781 3139 817 3207 ct
836 3129 1065 3232 Augustinus.
1094 3130 1122 3203 E
1150 3124 1391 3229 philosophia,

257 3448 266 3484 ¹
288 3449 328 3500 Dc
340 3449 420 3500 Gonu.
430 3450 512 3514 phil,
527 3466 581 3502 rec.
594 3457 621 3504 et
634 3455 707 3510 ¹notis
718 3451 798 3507 illust.
812 3456 910 3507 Renut.
922 3455 1045 3506 Vallinus.
1059 3456 1140 3520 Lugd.
1153 3455 1250 3518 Ratae,
1266 3457 1337 3510 test.

254 3531 267 3564 ¹
289 3528 364 3583 dont.
376 3528 506 3595 Eutych,
520 3531 603 3596 Pcip,
619 3529 675 3582 19⁰.

255 3612 268 3644 ὅ
290 3609 404 3671 Consul„
417 3611 438 3673 l,
453 3625 493 3674 pr.
506 3612 531 3664 l.

254 3690 268 3724 ⁴
291 3694 301 3735 i
320 3689 410 3750 Quand
423 3704 457 3739 on
471 3689 533 3740 s'est
544 3692 645 3756 engagd
663 3689 732 3741 aussi
743 3695 821 3741 auant
833 3698 962 3755 quenous
974 3691 1072 3742 l'arons
1084 3690 1129 3742 tait
1142 3692 1206 3743 dans
1219 3693 1347 3745 l'examcn
1358 3697 1393 3746 du

221 3770 317 3819 monde
330 3769 478 3827 d'hristota.
490 3774 517 3820 et
527 3772 606 3834 qu’on
618 3772 644 3821 le
657 3771 746 3821 souille
753 3771 849 3834 jusque
861 3771 925 3821 dans
936 3786 979 3822 ses
995 3773 1053 3836 plus
1071 3777 1170 3823 scorets
1188 3773 1276 3837 replis,
1296 3789 1359 3826 sans
1376 3789 1393 3841 p

220 3847 357 3896 decouvrir
366 3848 391 3896 la
407 3849 526 3900 moindre
538 3854 609 3900 trace
626 3852 658 3901 de
672 3853 697 3901 la
711 3851 872 3901 Providence
886 3852 982 3915 divine,
999 3867 1034 3901 on
1050 3858 1090 3903 est
1109 3852 1171 3903 bien
1190 3853 1261 3903 force
1283 3855 1316 3904 de
1334 3855 1394 3905 dire

219 3940 270 3992 qne
282 3932 350 3979 cette
361 3928 522 3981 Pnouidence
533 3933 576 3997 n’p
589 3938 629 3984 eet
640 3942 687 3997 pes
706 3933 905 3998 (ChLevdque,
920 3934 956 3985 Le
973 3934 1095 3997 premier
1111 3939 1218 3985 moteur
1237 3934 1392 4000 (Μήποτε,

218 4007 300 4067 PariS,
315 4006 387 4068 1852,
399 4007 515 4071 lotrad,
530 4024 556 4073 p.
570 4012 657 4076 vlit»

252 4089 264 4123 ⁵
285 4087 478 4151 Philosophiam
491 4094 580 4139 autem
592 4092 649 4141 dico
660 4107 714 4143 non
726 4092 844 4153 stoicam,
857 4107 909 4143 nec
920 4092 1088 4156 platonicam,
1105 4099 1150 4144 aut
1171 4094 1329 4158 epicuream,
1347 4101 1394 4145 aut

217 4165 411 4227 aristotelicam,
432 4167 478 4217 sed
491 4182 663 4233 quaecumque
675 4171 756 4223 abhis
767 4172 846 4222 sectis
859 4171 1008 4221 rectedicta
1018 4177 1079 4222 sunt
1090 4187 1147 4236 quae
1159 4174 1254 4222 docent
1265 4173 1393 4235 justitiam

218 4257 278 4292 curn
289 4242 332 4306 pia
343 4244 460 4302 scientia,
473 4244 523 4296 hoc
537 4251 620 4297 totum
632 4250 770 4313 selectum,
783 4243 858 4295 τουτὸ
873 4243 977 4314 custodit
991 4243 1020 4295 τὸ
1035 4238 1182 4308 inlimatis,
1200 4253 1257 4302 dico
1272 4253 1391 4316 philoso-

217 4321 306 4385 phiam
319 4322 441 4384 (strom,
453 4324 498 4375 lib.
510 4326 531 4387 Ι,
549 4341 571 4375 c.
587 4329 642 4390 viil.

251 4403 264 4436 ⁶
283 4402 413 4452 Docemus
423 4404 522 4453 nullam
535 4411 633 4456 sectam
647 4409 725 4460 fuisse
737 4417 791 4461 tam
805 4412 917 4474 deviam,
932 4426 982 4462 nec
998 4411 1210 4477 philosophorum
1222 4426 1391 4478 ¹quemquam

127 4477 140 4486 '
218 4484 272 4529 tarn
285 4480 389 4530 inanem
402 4483 446 4545 qui
458 4497 511 4532 non
523 4485 617 4534 viderit
629 4486 725 4549 aliquid
744 4502 775 4536 ex
790 4501 862 4537 veno.
877 4512 909 4525 -·
927 4487 1004 4546 Quod
1022 4489 1048 4539 si
1066 4489 1206 4540 exstitisset
1223 4489 1325 4553 aliquis,
1345 4490 1391 4554 qui
