3240 5468
730 435 905 508 ..flg-

237 621 455 728 inpartibus
479 626 632 704 Orientis
657 656 665 700 ε
691 627 787 727 quod
816 627 844 702 si
870 650 940 703 non
966 627 1109 725 laceret,
1130 637 1244 708 totam
1263 634 1406 712 ltaliam

235 762 349 864 gladio
369 763 565 863 perderet¹.
585 795 601 830 »
846 840 848 844 Α
1312 770 1314 774 ’

287 887 411 996 ltaque
425 919 499 973 non
514 902 652 996 sponte,
668 895 731 971 sed
746 902 867 972 coacte
882 916 923 970 ao
938 894 1145 996 impellente
1167 899 1403 1001 Theodorim,

233 1029 408 1131 ejusmodi
433 1028 752 1131 peregrinationem
777 1028 933 1128 suscepit
956 1030 1113 1107 loannes
1142 1055 1245 1135 papa.
1280 1036 1413 1138 Longe

234 1161 334 1240 aliter
362 1169 482 1240 autem
511 1185 553 1240 ae
581 1159 785 1263 speraverat
819 1164 1059 1244 Theodericus
1092 1192 1149 1246 res
1180 1168 1218 1246 in
1252 1172 1405 1251 Oriente

233 1285 340 1398 gestae
354 1303 449 1376 sunt.
465 1296 515 1373 Ne
533 1295 721 1373 minimum
736 1297 880 1397 quidem
896 1306 1069 1377 terrorem
1088 1325 1130 1379 ex
1144 1300 1212 1380 hae
1230 1303 1267 1379 in
1287 1328 1404 1384 rene-

232 1421 397 1508 randum'
413 1429 622 1508 Pontificem
646 1454 687 1507 ao
712 1438 894 1509 senatores
914 1429 1013 1507 illata
1039 1431 1208 1536 uiolentia
1236 1437 1404 1537 concepit

232 1551 413 1661 Justinns3
435 1571 596 1642 econtra
622 1564 874 1642 adventantem
901 1565 1244 1667 Constantinopolim
1270 1570 1402 1647 Christi

229 1686 402 1778 vicarium
417 1699 605 1801 magnifice
619 1696 657 1774 in
671 1701 783 1775 Porto
796 1721 906 1774 coreo
924 1691 1073 1801 excepit,
1095 1724 1180 1777 eum
1199 1725 1336 1803 pronus
1360 1704 1401 1782 in

229 1839 362 1913 terram
376 1841 567 1914 veneratus
582 1841 649 1929 est,
667 1840 703 1909 et
721 1829 759 1908 in
778 1831 937 1927 ecclesia,
958 1838 1086 1910 ovante
1110 1833 1255 1934 populo,
1279 1834 1401 1913 denuo

228 1967 273 2044 ab
297 1966 376 2070 ipso
402 1964 564 2044 coronari
590 1974 622 2042 et
641 1965 785 2042 Anicius
806 1964 928 2044 vocari
945 1964 1066 2043 voluit.
1081 1966 1223 2045 Interea
1238 1993 1305 2046 neo
1321 1968 1400 2070 ipse

226 2084 485 2180 catholicorum
499 2100 582 2203 jura
596 2098 749 2200 neglexit
768 2101 935 2197 Ioannes,
957 2107 992 2179 et
1019 2131 1034 2166 r
1062 2125 1308 2203 quascumque
1326 2103 1399 2181 illis
1456 2093 1460 2100 ’

224 2234 438 2339 inpartibus
457 2235 669 2314 Arianorum
689 2233 856 2313 ecclesias
874 2233 1030 2338 reperire
1049 2231 1177 2336 potuit,
1204 2235 1398 2315 catholicas

225 2394 296 2469 eas,
312 2370 463 2449 Domino
483 2393 588 2471 opem
608 2369 755 2469 serente,
772 2368 992 2446 consecravit
1004 2365 1028 2448 ¹.
1050 2400 1067 2436 ι
1229 2375 1232 2382 ’

235 2519 241 2547 ··
278 2503 368 2580 Tum
383 2499 608 2604 perpendens
623 2500 863 2579 Theodericus
876 2525 1009 2582 ,noram
1020 2490 1252 2602 imperatoris
1266 2505 1396 2584 Jmtini

224 2635 539 2751 consecrationem,
551 2632 663 2711 Anicii
678 2657 875 2736 cognomen
886 2634 1094 2736 impositum
1104 2637 1394 2762 celsosceptum,

223 2791 326 2848 suam
339 2773 416 2873 jam
432 2776 638 2873 provectam
657 2767 808 2867 aetatem,
826 2766 1016 2844 hthalarici
1041 2770 1192 2870 nepotis,
1215 2795 1312 2849 nunc
1331 2772 1397 2849 de-

179 2947 182 2954 ·
221 2901 344 2982 functo
367 2910 468 3005 patre
488 2900 688 2997 Eutharico,
710 2899 912 2998 infantiam,
935 2901 1129 2979 Gothorum
1153 2904 1396 2983 inhumanos

221 3036 403 3115 infensum
428 3035 678 3134 animumne
702 3035 881 3129 incensus,
908 3032 952 3109 de
976 3027 1292 3114 Boetii'oceisione
1315 3063 1394 3116 sen·

222 3171 368 3247 tentiam
395 3152 483 3245 tulit}
512 3168 630 3246 Rediit
650 3164 757 3267 igitur
775 3191 794 3243 e
814 3168 954 3243 Verona
975 3169 1272 3268 Ravennam,ait
1297 3147 1394 3248 ino·

220 3279 364 3405 nymus,
384 3337 400 3373 α
416 3296 571 3383 tractans
587 3327 660 3381 non
677 3309 717 3377 ut
732 3298 794 3376 Dei
809 3298 957 3399 amicus,
970 3301 1034 3378 sed
1043 3301 1111 3402 legi
1122 3303 1390 3406 elusinimious,

219 3436 408 3515 immernor
436 3437 554 3516 factus
582 3430 699 3514 omnis
727 3434 804 3533 ejus
831 3432 992 3509 henehoii
1017 3443 1056 3510 et
1078 3435 1200 3536 gratim
1223 3460 1338 3536 quam
1358 3438 1392 3512 ei

136 3556 137 3560 Ν
219 3552 365 3646 dederat
382 3571 518 3667 (Deus),
535 3561 719 3646 confidens
735 3566 772 3642 in
790 3565 938 3643 brechio
954 3590 1029 3644 suo.
1048 3607 1065 3643 »

238 3735 243 3743 ·
271 3705 312 3779 ln
332 3727 472 3781 carcere
493 3705 570 3802 jam
585 3684 669 3779 inde
688 3724 707 3775 a
728 3699 875 3777 loannis
897 3721 997 3801 papae
1013 3701 1190 3802 legatione
1204 3703 1392 3781 detineba-

218 3842 276 3909 tur
303 3833 464 3932 Boetius,
492 3834 537 3909 ah
567 3832 748 3929 omnibus,
775 3831 915 3911 Litteris
944 3841 1086 3915 tantum
1115 3858 1157 3914 ue
1190 3836 1392 3938 Relligione

216 3966 383 4068 exceptis,
399 3966 602 4044 derelictus.
618 3966 707 4044 Boni
723 3974 757 4044 et
773 3966 875 4067 probi
894 3966 959 4045 viri
982 3974 1115 4046 terrore
1134 3968 1290 4069 perculsi
1312 3977 1390 4046 tor·

217 4100 360 4201 pebant.
386 4135 401 4171 «
422 4099 547 4177 Videre
563 4109 683 4179 autem
702 4100 838 4200 videor,
862 4100 911 4177 ait
930 4100 1085 4200 Boetius,
1110 4101 1265 4185 nefarios
1280 4102 1388 4182 scele

249 4478 260 4514 ¹
280 4479 351 4531 Hiat.
365 4479 489 4543 miscell,
503 4477 548 4531 lib.
561 4479 614 4532 XV.

249 4560 262 4595 ¹
282 4559 364 4624 Epist.
377 4574 450 4625 papae
463 4561 570 4612 loannis
583 4559 616 4612 ad
628 4560 707 4624 episc.
722 4556 789 4623 hah,
802 4573 817 4611 e
830 4556 1015 4623 eormredum,
1029 4572 1098 4612 anno
1110 4557 1166 4621 526,
1177 4559 1244 4622 apud
1255 4557 1351 4612 Labie.
