3240 5468
776 460 974 532 ..103-

295 687 310 720 a
341 649 735 751 incomprehensibilem
749 648 1013 726 multitudinem
1025 646 1466 748 subdisciplinamvenire

295 816 310 850 r
342 808 414 861 uon
440 791 578 884 poterat
608 807 670 883 per
700 805 870 882 generum
903 785 955 876 (ut
981 781 1115 858 dictum
1139 785 1208 878 est)
1232 781 1465 882 paucitatem,

295 955 310 989 a
341 918 458 991 animo
483 919 579 1016 fieret
597 915 810 1014 scientiaeque
830 911 1063 1015 subiectum.
1092 943 1107 976 r
1139 913 1203 990 His
1224 914 1469 992 verbislucu-

291 1052 404 1128 lenter
419 1040 604 1150 distinguit
621 1048 764 1125 Boetius
783 1047 1059 1149 praedicamenta
1078 1046 1145 1124 sub
1169 1047 1308 1126 rationo
1327 1047 1467 1149 duplici

291 1184 573 1261 substantiarum
589 1191 624 1259 et
639 1181 888 1258 accidentium.
909 1207 923 1240 a
947 1179 1135 1258 Diversum
1148 1190 1214 1280 est,
1232 1188 1269 1256 ut
1292 1180 1467 1278 vidimus,

292 1342 370 1394 esse
385 1316 532 1416 aliquid,
549 1324 583 1393 et
598 1341 676 1393 esse
690 1314 824 1414 aliquid
844 1315 879 1390 in
899 1339 941 1392 eo
959 1314 1055 1413 quod
1074 1322 1143 1408 est3
1169 1343 1183 1376 r
1207 1314 1264 1391 hic
1287 1313 1385 1391 enim
1410 1325 1469 1391 est

292 1450 468 1547 accidens,
479 1448 549 1526 illic
565 1449 772 1528 substantia
791 1451 887 1525 Inter
902 1449 1024 1524 decem
1041 1447 1315 1547 praedicamenta
1332 1472 1470 1526 novem

292 1593 376 1660 sunt
391 1584 435 1660 de
451 1584 642 1660 accidentis
657 1591 796 1660 natura.
829 1583 931 1660 «Sed
949 1582 1046 1684 prior
1064 1581 1124 1658 iila
1147 1590 1275 1658 natura
1294 1589 1359 1681 est,
1385 1583 1471 1660 sine

292 1741 360 1817 qua
397 1715 464 1792 alia
497 1741 575 1794 esse
609 1740 678 1792 non
708 1724 859 1815 possunt
871 1711 894 1791 ².
930 1714 1177 1792 »Aristoteles
1204 1738 1276 1791 non
1301 1714 1470 1792 definivit

292 1850 540 1946 substantiam,
567 1849 630 1926 sed
651 1846 837 1949 descripsit
861 1848 1012 1925 dicendo
1035 1880 1044 1925 ε
1070 1849 1138 1924 hoc
1160 1855 1372 1943 astantem,
1394 1874 1469 1924 nou

293 2011 362 2059 esee
394 1987 433 2059 iu
462 1986 631 2082 cumeum·
665 1983 865 2059 substantia
894 1983 990 2059 enim
1019 1982 1057 2056 in
1090 1983 1248 2084 subjecto
1289 2007 1362 2059 non
1400 1993 1469 2062 est.

297 2147 311 2180 a
330 2118 428 2194 Facit
449 2128 568 2194 autem
593 2116 789 2216 quamdam
814 2115 1096 2191 substantiarum
1116 2114 1329 2192 divisionem
1350 2116 1473 2212 (Aris-

294 2249 430 2347 toteles)
468 2275 550 2326 curu
584 2250 678 2342 dicit,
713 2248 800 2325 alias
828 2249 963 2348 primos
995 2272 1073 2326 esse
1108 2249 1338 2345 substantias,
1375 2249 1472 2326 alias

293 2386 458 2459 recaredus
475 2415 486 2457 .·
508 2381 640 2482 primas
656 2405 789 2458 vocans
804 2379 1018 2478 individuas,
1040 2381 1217 2458 secundas
1231 2406 1316 2458 vero
1332 2381 1473 2459 indivi-

292 2516 447 2592 duarum
463 2514 600 2614 species
616 2525 648 2591 et
665 2536 796 2613 genera
806 2509 855 2590 ³.»
879 2541 897 2577 α
913 2515 1003 2589 Sunt
1019 2537 1101 2614 ergo
1117 2514 1241 2614 primae
1257 2514 1473 2593 substantiae

293 2672 372 2749 quae
388 2671 504 2747 neque
518 2646 557 2722 in
572 2647 729 2748 subjecto
746 2651 842 2741 sunt,
861 2669 976 2745 neque
991 2647 1035 2723 de
1051 2648 1211 2748 subjecto
1226 2646 1410 2744 dicuntur,
1428 2658 1473 2725 ut

293 2792 346 2858 est
380 2784 542 2857 Socrates
571 2779 622 2854 vel
649 2779 787 2855 Plato...
814 2778 986 2854 Secundae
1019 2803 1102 2855 vero
1132 2779 1338 2856 substantiae
1367 2790 1471 2879 suut,

294 2916 425 3014 quibus
454 2937 648 2991 commune
679 2920 733 2990 est
764 2936 846 2989 cum
879 2911 1003 3012 primis
1037 2913 1264 3012 substantiis,
1300 2913 1397 3013 quod
1431 2916 1472 2990 in

294 3022 539 3149 subjectocon
560 3056 654 3144 suut,
672 3046 858 3148 proprium
873 3071 958 3124 vero
973 3047 1069 3147 quod
1088 3047 1133 3123 de
1155 3047 1313 3147 subiecto
1335 3047 1472 3147 praedi-

293 3189 432 3275 cantur,
459 3203 539 3279 quae
563 3179 729 3256 secundae
754 3180 961 3254 substantiae
980 3187 1064 3255 sunt
1087 3178 1318 3274 universales,
1343 3189 1386 3255 ut
1413 3190 1474 3257 est

294 3311 402 3386 homo
427 3320 534 3410 atque
559 3309 730 3388 animal...
751 3319 834 3385 sunt
857 3311 967 3410 igitur
985 3311 1110 3412 primae
1126 3312 1332 3388 substautiae
1351 3313 1473 3412 parti-

291 3443 445 3541 culares,
463 3443 630 3520 secundae
646 3442 921 3521 universales...⁴
938 3473 953 3506 r
971 3445 1058 3520 Inde
1073 3445 1295 3522 occasionem
1312 3447 1473 3547 sumpsit

293 3578 415 3654 Prantl
437 3578 568 3655 iterum
591 3575 805 3656 criminandi
829 3577 990 3654 Boetium
1017 3578 1060 3654 de
1076 3578 1388 3680 Neoplatonism03
1411 3591 1471 3656 ast

293 3712 440 3811 quidem
454 3712 646 3789 immerito.

350 3844 521 3921 Definitur
540 3842 634 3921 enim
651 3843 849 3921 substantia
859 3845 977 3944 primu
993 3876 1005 3919 .·
1023 3870 1102 3946 quae
1118 3871 1235 3947 neque
1250 3863 1288 3922 ΙΝ
1303 3847 1471 3948 subiecto

294 3984 358 4073 est,
373 3993 549 4076 nequenn
565 3979 723 4078 subjecto
738 3978 858 4079 aliquo
873 3978 1084 4057 affirmatur.
1101 3979 1240 4053 -Non
1252 3981 1290 4052 io
1305 3977 1470 4078 subiecto

329 4320 337 4353 ¹
359 4318 395 4367 In
408 4317 540 4383 Porphpr.
554 4333 572 4367 a
583 4333 611 4369 se
623 4324 667 4378 tr.¹
681 4318 776 4383 beligne,
791 4323 809 4369 t.
822 4319 906 4382 LXIV,
920 4320 968 4371 col.
983 4320 1021 4370 ta.

328 4400 339 4431 ²
360 4397 396 4446 Ιη
406 4404 491 4463 ειπερ.
504 4398 587 4450 Arist.
601 4399 682 4460 leid,
696 4401 745 4449 col.
763 4399 816 4450 182.

320 4478 340 4516 γ’
359 4477 429 4527 Ibid.

307 4556 340 4590 ‘⁴
360 4554 430 4610 leid.
