3240 5468
669 448 866 518 *183-

182 631 416 709 Orientalium
430 641 465 711 et
481 633 610 712 librum
624 639 664 711 de
678 639 835 713 Persona
850 654 881 716 et
895 643 1050 741 Nolano,
1068 655 1108 721 ut
1124 671 1352 750 nequaquam

179 761 227 839 sit
241 762 328 839 satis
343 763 390 839 ad
408 789 533 841 eorum
553 791 709 845 coaevam
728 770 904 872 originem
924 778 1126 876 negandam
1145 780 1197 857 vel
1217 785 1353 884 conjec-

180 905 301 989 turam
325 896 471 997 fingere,
497 899 552 975 vel
575 900 725 978 leviores
750 905 905 982 rationes
929 908 1136 1008 exprimere.
1164 914 1243 989 lam
1268 940 1351 993 vero

179 1036 317 1103 certum
342 1039 396 1105 est
421 1055 462 1105 ex
488 1031 555 1106 hac
579 1033 815 1110 Orientalium
839 1039 997 1137 Epistola
1020 1065 1100 1140 quae
1119 1043 1164 1119 ad
1184 1047 1351 1145 Symma-

179 1159 285 1236 chum
302 1184 431 1262 pupam
447 1162 624 1263 dirigitur,
645 1174 752 1266 atque
771 1168 863 1246 intra
883 1194 941 1248 an.
961 1169 1037 1250 498
1056 1199 1097 1251 ac
1116 1171 1194 1254 514
1214 1180 1349 1279 incidit,

177 1293 412 1392 quaestionem
440 1294 484 1371 de
513 1295 669 1373 formula
697 1300 736 1372 in
765 1309 800 1376 et
826 1329 867 1379 ea
894 1305 1033 1382 duabus
1056 1310 1206 1407 naturis,
1231 1313 1349 1393 adbuc

177 1424 386 1502 inusitatam
408 1427 540 1526 luisse,
566 1430 681 1532 potuit
698 1455 782 1534 ergo
802 1438 976 1515 conscribi
995 1439 1084 1517 liber
1098 1453 1221 1518 contra
1236 1447 1349 1551 Euty-

177 1711 322 1764 ueritatis...
332 1713 370 1764 sic
382 1718 409 1764 et
419 1728 465 1763 vos
478 1713 623 1764 illuminate
635 1729 713 1766 nos...

176 1806 234 1856 quae
255 1798 295 1843 est
307 1794 376 1858 inter
387 1795 544 1845 sententiam
554 1794 676 1858 Eutychis
687 1801 714 1846 et

176 1870 245 1920 inter
264 1871 378 1924 Nestorii
397 1889 460 1925 vera
475 1880 555 1925 rectae
569 1874 630 1925 fidei
648 1889 712 1925 con·

176 1951 281 2003 lessio...

268 2032 308 2084 Ne
323 2048 412 2085 rursus
433 2040 537 2099 propter
553 2034 714 2086 immaculati

176 2119 265 2178 partus
288 2115 352 2165 duas
376 2120 483 2165 naturas
508 2119 535 2164 et
558 2114 714 2165 substantias

175 2194 340 2245 occasionem
356 2194 591 2258 apprehendentes
608 2195 652 2258 qui
669 2210 712 2245 se-

174 2277 291 2326 cundum
302 2276 453 2326 Nestorium
463 2275 574 2339 sapiunt,
583 2276 646 2326 duas
657 2291 714 2340 per-

176 2369 261 2416 sonas,
271 2362 316 2406 ant
329 2357 394 2406 duos
405 2355 482 2420 filios,
495 2357 536 2406 vel
551 2357 615 2407 duos
630 2355 714 2407 Chris-

176 2441 294 2491 tosmale
303 2439 480 2490 introducant.

279 2521 329 2572 Nos
353 2521 434 2582 enim,
457 2519 611 2570 Beatissimo
638 2521 714 2584 Sym·

175 2600 282 2663 mache,
310 2601 434 2651 eumdem
462 2613 518 2649 esse
549 2613 584 2648 en
615 2600 714 2650 duabus

175 2684 283 2743 naturis.
301 2689 328 2734 et
339 2684 369 2733 in
388 2683 487 2734 duabus
498 2682 607 2743 naturis,
623 2687 650 2732 et
661 2697 714 2733 non

176 2764 243 2815 sicut
263 2765 302 2814 illi
320 2764 419 2827 dicunt,
441 2777 473 2812 ex
493 2762 593 2812 duabus
615 2762 714 2813 naturis

176 2862 253 2898 unam
266 2854 387 2898 naturam
399 2851 457 2912 post
473 2846 668 2907 adunationem,
684 2847 715 2896 in

176 2928 275 2979 duabus
293 2931 382 2978 autem
401 2927 599 2977 subsistentibus
615 2925 715 2975 naturis

176 3023 238 3059 eum
252 3009 351 3060 unitate
367 3024 420 3059 non
436 3009 490 3073 pati
506 3007 654 3058 confiteri...
669 3006 715 3055 sed

176 3089 228 3141 illis
240 3104 273 3141 ea
285 3089 385 3140 duabus
396 3088 507 3153 quidem
517 3087 617 3138 naturis
629 3086 716 3136 dicen·

177 3168 254 3230 tibus,
267 3183 315 3219 nos
327 3169 358 3218 in
369 3168 468 3218 duabus
480 3167 576 3232 pariter
594 3165 714 3215 dicimus·

175 3277 207 3286 -
216 3249 254 3299 Ex
263 3250 363 3299 duabus
370 3249 441 3298 enim
449 3247 576 3308 dicentes,
586 3244 715 3309 inquibus

176 3329 293 3380 subsistit
312 3328 407 3389 unitas,
429 3329 459 3378 in
472 3328 572 3378 duabus
587 3332 676 3376 autem
688 3326 715 3376 in

175 3414 268 3478 quihus
296 3415 365 3464 visus
394 3419 434 3464 est
465 3420 492 3464 et
523 3415 655 3476 palpatus,
689 3417 716 3462 et

176 3495 323 3555 assumptus
337 3497 395 3556 post
408 3493 563 3557 passionem.

808 1712 880 1761 diurn
900 1717 999 1763 tenent.
1023 1714 1115 1766 Omnis
1131 1717 1203 1768 enim
1218 1718 1301 1771 virtus
1320 1721 1347 1774 in

808 1795 895 1846 medio
906 1797 1017 1861 (Peiper,
1030 1812 1054 1861 p.
1070 1798 1134 1864 188).

838 2040 974 2091 Nestorius
984 2041 1123 2092 arbitratur
1134 2057 1187 2093 non
1197 2059 1272 2109 posse
1287 2060 1345 2098 esse

806 2128 928 2172 naturam
959 2121 1105 2188 duplicem,
1138 2124 1202 2187 quin
1234 2141 1345 2190 persona

807 2199 883 2250 fieret
908 2201 1010 2263 duplex,
1038 2205 1115 2264 atque
1141 2203 1208 2263 ideo,
1233 2218 1293 2254 curn
1318 2205 1345 2255 in

807 2282 908 2333 Christo
934 2288 1055 2333 naturam
1078 2284 1209 2348 duplicem
1238 2285 1345 2336 conlite-

806 2368 888 2426 retur,
906 2364 1037 2427 duplicem
1053 2364 1163 2414 credidit
1179 2379 1237 2414 esse
1257 2381 1345 2429 perso-

806 2459 868 2494 nam
882 2445 917 2508 (p.
931 2444 994 2510 202).

838 2525 972 2589 Eutychen
998 2525 1116 2576 confiteri
1144 2526 1257 2577 diximus
1282 2528 1347 2579 duas

807 2608 914 2673 quidem
926 2607 953 2656 in
966 2606 1068 2658 Christo
1080 2611 1140 2656 ante
1162 2607 1347 2658 adunationem

807 2691 922 2748 riaturaS,
944 2700 1024 2736 unam
1047 2700 1108 2735 vero
1130 2691 1189 2749 post
1211 2686 1347 2737 adunatio·

806 2782 900 2818 nem...
919 2770 998 2816 restat
1017 2770 1045 2814 ut
1062 2768 1284 2828 quemadmodum
1306 2784 1348 2819 ca-

808 2847 904 2898 tholica
925 2846 990 2896 fides
1013 2845 1090 2907 dicat,
1121 2850 1148 2896 et
1171 2847 1202 2896 in
1230 2847 1347 2912 utrisque

808 2929 908 2979 naturis
938 2927 1085 2988 Christum,
1116 2931 1143 2976 et
1170 2943 1204 2978 eoa
1231 2929 1348 2992 utrisque

808 3008 951 3058 consistere
984 3008 1133 3058 doceamus.
1163 3007 1199 3057 Ex
1230 3007 1348 3073 utrisque

808 3089 908 3139 naturis
928 3085 1025 3153 aliquid
1042 3089 1183 3139 consistere
1199 3089 1251 3139 duo
1267 3089 1346 3154 signi·

809 3167 870 3218 sicat
888 3185 893 3218 :
911 3182 993 3218 unum
1014 3167 1121 3231 quidem
1143 3180 1203 3216 cum
1221 3167 1258 3218 ita
1279 3169 1346 3220 diei-

808 3262 876 3311 mus,
889 3249 986 3312 aliquid
998 3263 1030 3299 ex
1043 3248 1143 3298 duabus
1153 3251 1253 3301 naturis
1261 3249 1346 3316 jungi,

808 3329 877 3381 sicut
888 3345 920 3380 ex
935 3329 1009 3379 melli
1025 3334 1102 3393 atque
1119 3344 1196 3392 aqua,
1213 3330 1239 3380 id
1259 3335 1348 3380 autem

808 3414 857 3470 est,
870 3415 899 3458 ut
910 3424 942 3458 ex
952 3408 1068 3472 quolibet
1080 3410 1157 3458 modo
1172 3410 1293 3471 contusis,
1306 3414 1348 3462 vel

807 3489 830 3539 si
851 3504 902 3539 una
925 3493 1041 3539 vertatur
1062 3489 1091 3536 in
1115 3489 1233 3551 alteram,
1260 3480 1305 3541 vel'
1325 3491 1347 3542 si

807 3575 926 3633 utraeque
944 3571 971 3619 in
994 3583 1023 3619 se
1043 3568 1204 3618 misceantur
1224 3570 1347 3634 invicem,

807 3650 878 3700 nullo
898 3651 975 3701 modo
996 3657 1086 3701 tamen
1104 3655 1221 3714 utraeque
1240 3664 1346 3714 perma-

806 3737 895 3795 neant,
909 3733 1054 3782 secundum
1065 3731 1135 3780 hunc
1147 3731 1258 3781 modurn
1268 3730 1347 3795 Euty-

807 3812 869 3862 ches
881 3812 925 3870 ait.
935 3827 967 3861 ex
978 3812 1094 3875 utrisque
1104 3811 1203 3861 naturis
1214 3806 1347 3861 Christum

807 3891 959 3942 consistere.
982 3893 1056 3942 Alter
1076 3907 1137 3943 vero
1154 3892 1248 3943 modus
1264 3897 1304 3942 est
1315 3907 1347 3943 ex

807 3977 922 4041 utrisque
956 3975 1143 4026 consistendi...
1177 3981 1206 4025 ut
1237 3975 1281 4024 illa
1316 3990 1346 4024 ex

806 4058 901 4120 quibus
910 4057 1032 4120 junctum
1044 4070 1101 4106 esse
1118 4055 1214 4106 dicitur
1224 4060 1349 4105 maneant

806 4154 857 4188 nec
884 4139 912 4188 in
939 4139 1063 4189 alterutra
1093 4142 1256 4188 vertantur...
1281 4137 1346 4186 Cum

808 4221 886 4286 igitur
907 4227 1029 4284 utrasque
1059 4232 1167 4268 manere
1189 4221 1296 4266 naturas
1320 4215 1346 4264 in

809 4303 911 4354 Christo
928 4302 993 4352 fides
1013 4299 1141 4350 catholica
1162 4296 1347 4347 confiteatur...

805 4383 866 4445 J'ure
879 4381 942 4431 dicit
952 4385 979 4430 et
986 4381 1017 4429 in
1026 4379 1141 4444 utrisque
1152 4376 1251 4428 naturis
1261 4375 1347 4426 Chris-

809 4467 866 4512 tum
880 4467 907 4512 et
919 4477 953 4514 ea
965 4461 1080 4526 utrisque
1093 4459 1234 4510 consistere
1245 4458 1280 4521 (p.
1301 4455 1348 4506 2¹0

810 4542 923 4608 asca).
