3240 5468
728 454 882 521 „g-

217 647 325 722 isum
343 646 499 721 Probam
516 653 552 720 et
570 642 617 718 ad
631 641 826 738 lulianam,
843 641 982 717 nobiles
996 642 1135 741 viduas,
1156 645 1206 719 ita
1225 643 1389 743 scripsit:

221 811 241 844 ι
258 777 473 854 Generosius
486 776 622 876 quippe
632 773 728 874 eligit
739 773 913 849 Aniciana
928 775 1119 875 posteritas
1130 785 1205 851 tam
1216 776 1391 852 illustrem

218 910 392 987 familiam
411 912 531 1006 beare,
549 908 697 1009 nuptias
715 907 919 1002 nesciendo,
938 930 1049 1006 quam
1068 908 1308 1009 multiplicare
1325 932 1393 1010 pa-

218 1045 358 1144 riendo,
373 1052 408 1121 et
427 1043 465 1119 in
485 1066 593 1119 carne
609 1043 685 1141 jam
705 1040 839 1115 imitari
859 1040 972 1116 vitam
990 1040 1201 1140 angelorum
1218 1066 1328 1141 quam
1348 1068 1391 1120 ex

219 1202 328 1257 carne
357 1178 475 1254 adhuc
501 1199 695 1253 numerum
715 1197 847 1275 augere
875 1173 1087 1250 mortalium
1100 1174 1125 1252 ¹.
1154 1209 1172 1240 ι
1195 1174 1246 1252 ue
1265 1177 1392 1253 eadem

221 1313 364 1415 scripsit
382 1312 622 1411 Hieronymus
646 1309 684 1385 in
708 1308 860 1410 epistola
891 1317 1017 1384 octava
1040 1309 1086 1383 ad
1117 1310 1390 1407 Demetriadem,

199 1444 204 1450 ’
221 1444 283 1521 ubi
298 1446 392 1520 hanc
403 1444 577 1543 virginem
592 1441 739 1536 Olibrio,
748 1440 873 1516 Probra
883 1440 970 1534 filio,
981 1451 1192 1518 natamesse
1203 1443 1390 1543 siguificat,

221 1584 298 1652 tum
324 1575 486 1676 ejusdem
508 1576 633 1650 Probae
655 1597 768 1673 genus
794 1571 1029 1673 amplissimis
1055 1574 1288 1674 prosequitur
1308 1574 1391 1651 lau·

219 1709 351 1786 drbus:
379 1708 533 1785 «Proba
546 1707 607 1784 illa
624 1707 789 1784 omniurn
811 1707 1025 1807 dignitatum
1048 1715 1084 1784 et
1107 1718 1245 1784 cuncta
1258 1709 1391 1784 nobili-

219 1844 302 1920 tatis
316 1844 353 1919 in
367 1845 454 1920 orbe
472 1866 623 1919 romano
640 1866 773 1917 nomen
790 1839 975 1936 illustrius,
992 1842 1094 1940 cujus
1114 1841 1287 1916 sanctitas
1303 1849 1338 1916 et
1353 1842 1390 1917 iu

218 1978 404 2053 universos
422 1975 534 2051 effusa
552 1975 708 2070 bonitas,
727 1974 837 2050 etiam
858 1974 957 2074 apud
979 1975 1156 2049 Barbaros
1176 1973 1390 2050 venerabilis

218 2109 309 2187 luit:
325 2133 482 2208 quorum
496 2107 605 2183 trium
619 2107 816 2183 liberorum
830 2107 988 2206 Probini,
1005 2107 1128 2183 Olibrii
1144 2117 1179 2184 et
1197 2108 1389 2185 Probinou

219 2241 416 2342 fatigarunt
438 2240 612 2329 ordinarii
639 2240 886 2316 consulatus...
913 2273 929 2306 ι
948 2240 1111 2316 Anicium
1136 2247 1279 2340 gentem
1308 2250 1391 2317 ante

219 2373 319 2470 alias,
347 2372 477 2450 Christi
499 2379 620 2472 partes
643 2380 826 2467 secutam,
852 2371 908 2446 his
932 2371 1095 2447 versibus
1121 2372 1277 2449 celebrat
1301 2375 1390 2448 Pru-

219 2505 387 2583 dentius:

380 2705 487 2770 Fertur
500 2708 580 2770 enim
594 2715 663 2769 ante
676 2705 751 2768 alios
764 2722 928 2786 generosus
941 2706 1063 2769 Anicius
1077 2706 1160 2769 urbis

379 2805 547 2868 illustrasse
561 2811 659 2886 caput.
676 2801 725 2866 Sic
738 2822 771 2866 se
785 2802 879 2865 Roma
892 2804 1002 2886 inclyta
1012 2806 1113 2885 jactat.

380 2904 459 2976 Quin
472 2912 502 2967 et
515 2901 662 2984 Olybriaci
676 2902 833 2983 gentisque
847 2910 877 2965 et
890 2902 1022 2965 nominis
1033 2903 1139 2978 baras,

378 3000 510 3081 Abjectis
524 3000 617 3078 lastis,
633 2999 761 3081 palmata
774 2999 900 3080 insignis
914 3000 950 3062 ab
965 3000 1043 3078 aula,

379 3098 514 3178 llartsris
527 3106 596 3160 ante
610 3098 690 3161 lores
703 3097 787 3160 Bruti
800 3099 975 3162 submittere
989 3102 1083 3163 fasces

379 3193 490 3272 Ambit,
507 3202 538 3256 et
551 3195 711 3258 Ausoniam
726 3197 842 3259 Christo
857 3197 1002 3261 inclinare
1016 3197 1145 3262 maurim
1159 3198 1184 3261 ².

273 3375 353 3450 Fuit
369 3375 467 3452 enim
491 3376 616 3455 Anicia
635 3401 721 3478 gens
740 3402 821 3479 quaa
835 3379 973 3457 Christo
997 3379 1155 3460 venienti
1173 3383 1268 3459 viam
1283 3408 1390 3484 para-

220 3516 297 3604 ret,
322 3517 431 3609 atque
452 3510 614 3587 omnium
632 3511 787 3589 maxime
806 3513 880 3590 rim
899 3522 934 3590 et
953 3538 1100 3615 operam
1115 3516 1238 3615 posuit
1261 3516 1300 3594 in
1317 3518 1390 3594 fide

220 3640 350 3718 Christi
365 3642 547 3720 dilatanda
563 3645 765 3744 tuendaque
779 3643 803 3724 ³.

272 3775 445 3851 Faltoniae
458 3775 584 3853 Probae
600 3776 707 3876 filius,
724 3779 869 3855 Anicius
884 3782 1023 3858 Probus
1045 3779 1160 3859 filiam
1182 3784 1310 3882 nuptui
1325 3783 1390 3860 de-

254 4101 265 4134 ¹
288 4099 376 4162 Opera
390 4100 493 4161 mnia,
508 4101 570 4151 edit.
584 4101 726 4164 benedict,
743 4110 763 4156 t.
778 4105 811 4168 ll,
826 4121 851 4168 p.
866 4103 922 4155 282

253 4182 265 4214 ¹
286 4179 451 4244 Prudentius,
462 4182 520 4230 adv.
535 4181 645 4246 Symm,
658 4183 754 4248 bligne,
767 4190 787 4235 t.
802 4185 853 4243 LX,
867 4187 915 4235 col.
930 4186 983 4236 tut.

247 4262 266 4305 .⁸
286 4261 348 4311 Haec
360 4260 392 4310 de
404 4260 503 4310 Aniciis
515 4275 547 4310 ex
558 4262 677 4312 Ascbach
690 4264 716 4313 in
727 4264 842 4329 linguam
856 4266 977 4329 gallicam
989 4269 1167 4317 transtulimus
1181 4285 1187 4317 :
1204 4285 1214 4316 r
1228 4268 1267 4317 On
1279 4282 1313 4316 ne
1325 4282 1388 4315 ren·

219 4345 310 4390 oontoe
321 4355 422 4390 aucune
434 4345 508 4390 autre
522 4341 619 4391 tamilla
634 4343 751 4394 romaine
773 4345 817 4407 qui
839 4346 883 4402 ait,
903 4347 1018 4409 pendant
1038 4361 1089 4396 une
1106 4348 1128 4396 si
1150 4348 1245 4410 longua
1267 4347 1334 4395 suite
1355 4348 1388 4396 de

219 4421 322 4480 siecles,
334 4422 427 4469 exerce
442 4435 493 4469 une
505 4419 636 4470 intluence
650 4422 775 4485 potitique
786 4425 859 4488 egale
870 4424 884 4473 a
896 4425 961 4474 celle
974 4425 1021 4475 des
1033 4426 1147 4475 Anicius.
1160 4426 1233 4487 De'jA,
1247 4424 1388 4488 al'epoque

219 4497 265 4545 des
277 4511 386 4560 guerras
394 4512 445 4560 que
455 4499 537 4549 Rome
547 4501 645 4551 soutint
654 4515 718 4564 pour
726 4502 846 4565 aequerir
856 4503 881 4552 la
890 4504 1050 4554 domination
1065 4520 1110 4554 sur
1121 4505 1222 4560 l'ltalie,
1235 4505 1273 4552 les
1282 4503 1388 4552 Anicius

219 4581 279 4625 sont
292 4578 409 4640 comptas
421 4579 506 4642 parmi
518 4581 556 4630 les
565 4581 682 4645 citoyens
692 4582 836 4646 distingues
847 4588 874 4633 et
886 4583 1023 4646 intluents3
1037 4586 1107 4635 aussi
1119 4583 1278 4634 arrirent-ils
1289 4582 1389 4633 bientdt
