3240 5468
673 434 871 516 -ue-

236 631 365 707 Primae
389 656 506 708 euusee
529 633 648 709 omniu
670 635 858 711 efficientis
879 636 1115 712 semoventis
1136 635 1355 738 presidium,

184 763 340 840 Plutonis
354 763 480 859 instar,
498 764 545 841 itu
562 764 730 864 implorat
745 766 887 843 Boetius
904 796 912 840 z

322 987 345 1051 0
361 988 410 1068 qui
427 997 568 1069 perpetue
583 990 724 1051 mundum
741 990 855 1051 ratione
869 989 1048 1068 gubernes¹,

325 1091 485 1155 Terrarum
499 1092 626 1174 coelique
642 1096 753 1169 setor',
772 1093 822 1174 qui
838 1102 955 1176 tempus
970 1095 1006 1157 ab
1020 1114 1080 1158 uero

322 1198 369 1261 lre
380 1198 501 1280 jubes⁸,
519 1198 691 1280 stabilisque
706 1217 842 1275 manens,
858 1201 910 1262 des
925 1208 1030 1264 cuneta
1045 1201 1175 1263 moveri*
1188 1222 1196 1278 3

188 1427 653 1440 u-——n———n—-m

218 1547 226 1578 ¹
251 1543 354 1600 Goulsol.
368 1544 398 1604 V,
410 1558 449 1607 pr.
463 1543 485 1592 3.
501 1543 563 1591 «Ex
575 1543 739 1592 Providentia
752 1558 839 1592 rerum
854 1546 938 1594 omnis
951 1545 1013 1594 ordo
1026 1545 1137 1596 ducitur.
1150 1562 1205 1594 u-
1219 1545 1298 1596 Getes.
1312 1547 1357 1609 ΙΙΙ,

183 1635 221 1684 pr.
237 1619 275 1670 ts.
292 1637 302 1666 ι
315 1619 375 1670 Non
384 1625 439 1670 tam
450 1634 511 1669 sero
524 1626 610 1670 certus
622 1622 685 1670 ordo
698 1628 797 1672 naturae
814 1624 975 1686 procederet,
991 1637 1041 1672 nec
1054 1629 1109 1673 tarn
1121 1623 1259 1688 dispositos
1271 1631 1356 1676 metus

183 1700 256 1762 loeis,
270 1698 440 1762 temporibus,
453 1698 601 1762 efficientia,
616 1701 714 1764 spatiis,
728 1702 895 1765 qualitatibus
908 1703 1075 1766 explicarent,
1089 1704 1139 1754 nisi
1151 1720 1219 1756 uuus
1232 1710 1300 1757 esset
1312 1707 1358 1769 qui

140 1806 144 1813 ·
183 1778 231 1828 iras
245 1777 421 1830 mutationum
433 1778 571 1829 varietates
585 1794 694 1830 ruaneus
707 1781 762 1844 ipse
779 1782 935 1847 disponeret.
953 1801 962 1827 s
982 1808 1011 1817 -
1026 1781 1065 1831 Cf.
1082 1781 1161 1833 Cous.
1174 1784 1196 1844 l,
1209 1790 1270 1834 met.
1285 1785 1309 1834 5.

515 1913 531 1955 0
541 1914 633 1957 stelliferi
649 1915 739 1957 eonditor
748 1915 804 1958 orbis

516 1982 554 2034 Qui
566 1989 660 2035 perpetuo
673 1985 731 2026 nixus
742 1986 794 2028 solie

514 2053 592 2105 neptun
603 2057 673 2098 eoelum
685 2057 764 2100 turbine
775 2069 842 2101 verses

512 2125 622 2178 Legemque
632 2128 673 2179 peti
684 2128 750 2171 sidera
760 2129 823 2182 rogis.

511 2195 536 2236 Ut
548 2207 601 2239 uuue
611 2197 670 2249 pleno
683 2199 750 2241 lueida
761 2210 821 2241 romu

515 2263 591 2309 Fratris
600 2269 648 2310 totis
661 2269 719 2311 ebria
729 2269 814 2312 dammis

516 2334 593 2377 Condat
605 2336 673 2377 stellas
684 2337 732 2378 lune
743 2337 838 2382 minores.

514 2404 571 2448 Nune
585 2406 670 2448 obscuro
681 2405 756 2457 pallida
768 2417 830 2448 cornu

518 2476 591 2518 Plraeho
602 2476 684 2528 propior
693 2477 770 2519 lumina
779 2475 856 2528 perdat.
926 2498 928 2500 ·

516 2544 541 2586 tet
552 2545 586 2597 qui
598 2545 668 2597 prime
678 2548 765 2597 tempore
777 2546 842 2588 noctis

515 2616 564 2668 igit
577 2614 667 2668 algentes
679 2616 775 2666 hesperos
787 2620 842 2658 ortus

518 2685 593 2728 Solitas
604 2686 675 2728 iterum
685 2689 748 2729 mutet
758 2686 847 2729 haberes

432 2807 435 2811 1
515 2757 585 2800 Phoebi
595 2757 674 2809 pallens
684 2756 753 2799 lueiler
765 2760 817 2799 ortu.

520 2828 558 2877 Tu,
571 2826 681 2870 treudiduae
691 2826 765 2880 frigore
774 2826 848 2869 brume

518 2897 607 2951 Stringis
618 2897 680 2939 lucem
690 2897 781 2940 breviore
791 2907 862 2940 mors:

516 2970 553 3019 Tu,
565 2981 609 3013 eum
620 2970 695 3013 fervida
703 2971 778 3013 venerit
787 2974 853 3019 estas,

518 3041 589 3095 Agiles
597 3041 652 3084 noeti
661 3039 735 3084 dividis
743 3042 811 3084 hores.

517 3112 559 3154 Tua
568 3113 599 3154 vis
610 3113 686 3155 varium
696 3116 791 3165 temperet
799 3124 881 3163 anuum,

520 3183 546 3224 tu
557 3193 607 3235 quos
619 3184 685 3226 Boreae
695 3185 777 3236 spiritus
786 3184 856 3233 aufert,

517 3254 604 3296 llerelret
616 3254 674 3296 mites
684 3255 787 3307 Zephyrus
798 3255 894 3299 frondes:

521 3326 606 3378 eumue
618 3329 708 3368 arcturus
721 3325 798 3368 semim
808 3326 866 3377 sidit,

520 3397 587 3439 Sirius
598 3396 652 3440 altss
663 3400 707 3439 uret
717 3400 803 3451 segetes.

519 3467 574 3513 Nihil
586 3467 667 3520 antiqua
677 3467 722 3520 lege
734 3468 821 3510 solutum

519 3540 599 3593 Linquit
608 3542 694 3594 proprie
705 3542 797 3585 stationis
807 3552 864 3595 opus.

521 3609 655 3654 empireum
667 3612 706 3655 tlue
716 3613 837 3668 gubernans.

520 3680 627 3724 Hominum
637 3683 691 3726 solos
700 3684 778 3736 respuis
789 3687 845 3726 ectus

521 3752 592 3797 Merito
603 3758 668 3798 reetor
681 3755 774 3799 cohibere
782 3756 849 3799 modo.

223 3881 234 3913 ¹
256 3877 340 3929 Deum
352 3876 389 3926 ita
403 3876 495 3926 definit
506 3877 619 3938 Boetius,
635 3878 714 3928 Cous.
729 3879 774 3941 ΙΙΙ,
787 3893 825 3943 pr.
840 3879 870 3928 te
887 3895 892 3928 :
913 3896 923 3924 ι
939 3878 994 3928 Hoc
1006 3879 1130 3942 quidquid
1143 3885 1182 3929 est
1194 3894 1244 3943 quo
1259 3881 1362 3930 condite

191 3961 300 4006 manent
313 3963 391 4020 atque
401 3958 542 4020 agitantur,
557 3958 651 4007 usitato
664 3958 765 4008 cunctis
776 3959 902 4009 vocabulo
914 3959 997 4008 Deum
1009 3959 1124 4009 nomino.
1140 3978 1150 4007 s
1165 3960 1197 4010 Et
1208 3961 1285 4024 paulo
1298 3960 1338 4011 ini
1350 3986 1364 4002 ·

115 4036 121 4047 '
190 4037 244 4087 rius
260 4054 266 4088 ;
280 4057 292 4080 ι·
312 4037 358 4086 Est
369 4036 448 4100 igitur
463 4051 597 4086 summum
610 4038 724 4098 bonum,
740 4039 807 4101 quod
821 4039 891 4104 regit
903 4044 997 4089 cuncta
1008 4037 1109 4088 fortiter
1127 4039 1291 4101 suaviterque
1307 4039 1362 4088 dis-

210 4116 273 4166 onit.
289 4135 300 4163 s

192 4130 209 4178 p
226 4200 238 4232 ³
258 4196 327 4245 Deus
340 4199 380 4245 est
391 4200 520 4258 aeternus3
544 4197 620 4247 Coris.
643 4198 673 4258 V,
688 4211 727 4260 pr.
744 4199 767 4247 6.
793 4216 802 4243 ι
826 4198 917 4262 Neque
937 4201 1005 4249 [leus
1022 4198 1132 4248 conditis
1143 4199 1222 4247 rebus
1234 4197 1365 4260 antiquior
1408 4175 1411 4179 ’

193 4275 274 4324 videri
285 4275 364 4324 debet
375 4275 502 4338 temporis
513 4275 669 4338 quantitate,
681 4276 727 4325 sed
739 4275 866 4338 simplicis
878 4276 963 4339 potius
975 4275 1133 4340 proprietate
1145 4279 1254 4325 naturae.
1274 4294 1285 4322 s
1309 4277 1364 4324 Au-

94 4389 97 4394 ·
192 4353 278 4404 dietur
289 4354 395 4404 Boetius
407 4353 434 4403 in
446 4354 513 4402 libro
527 4354 560 4404 de
573 4353 641 4404 Fide
654 4355 790 4405 catholica
804 4372 813 4403 :
836 4371 848 4404 s
865 4356 932 4419 Ergo
944 4356 1029 4406 divina
1043 4370 1073 4404 ex
1085 4360 1183 4404 reterno
1197 4359 1290 4404 natura
1301 4355 1365 4405 etin

193 4440 320 4486 aetemum
331 4437 388 4487 sine
400 4437 487 4500 alique
499 4435 672 4486 mutabilitate
680 4436 833 4498 perdurans,
842 4435 893 4485 sibi
904 4441 1006 4485 tentum
1014 4435 1117 4485 conscie
1125 4435 1266 4497 voluntate,
1274 4440 1365 4500 sponte
1425 4487 1429 4494 ,

194 4515 321 4566 muudum
333 4516 414 4565 voluit
424 4515 560 4576 fabricare,
574 4528 687 4579 eumque
699 4529 759 4564 cum
774 4515 882 4564 omnino
894 4527 947 4564 non
960 4520 1037 4576 esset,
1051 4513 1113 4564 lecit
1125 4518 1154 4562 ut
1166 4518 1255 4576 esset3
1269 4528 1319 4565 nee
1335 4528 1367 4564 ex
