3278 5474
747 473 788 480 -
812 433 877 501 tao
904 473 942 481 —

262 650 402 727 semper
421 625 637 701 infortunata
656 621 859 720 contingere
879 629 1016 697 certum
1036 628 1100 697 est.
1122 621 1340 698 Vitiosorum
1363 623 1433 697 ho-

260 761 399 836 minum
422 765 520 859 patet
547 755 747 851 infirmitas,
772 754 845 854 qui,
871 778 952 831 cum
981 753 1134 830 naturali
1158 754 1358 843 intentione
1386 754 1432 830 ad

259 895 392 970 bonurn
410 890 592 991 pervenire
607 890 781 984 nituntur,
793 913 838 964 ne
854 889 921 964 hoc
936 887 1081 989 quidem
1097 888 1248 988 adipisci
1262 894 1429 988 possunt.

259 1028 393 1124 Inque
418 1050 456 1102 re
479 1027 655 1103 bonorum
677 1023 772 1101 vires
796 1022 963 1122 eminent,
988 1045 1073 1100 nam
1096 1023 1209 1100 finem
1231 1021 1431 1122 expetitum

257 1159 559 1261 apprehendunt¹.

311 1296 364 1368 du
392 1293 473 1369 ideo
500 1292 655 1368 fortuitis
684 1291 844 1370 casibus⁹
872 1290 991 1368 omnia
1022 1292 1227 1391 perturbata
1252 1313 1294 1367 ac
1320 1289 1432 1368 mixta

260 1428 480 1505 credendum
495 1427 579 1527 quia
594 1425 696 1502 bonis
716 1449 849 1526 aspera¹
862 1426 1040 1525 malisque
1055 1424 1215 1526 jucunda
1235 1426 1432 1502 eveniant?

258 1561 411 1639 Minime.
434 1562 522 1636 Nam
539 1559 702 1659 quamvis
719 1582 866 1636 causam
886 1567 993 1635 tantae
1009 1558 1252 1660 dispositionis
1270 1558 1429 1659 ignores,

257 1704 395 1771 eertum
409 1703 472 1794 est,
485 1696 579 1771 bono
595 1702 731 1771 rectore
746 1693 923 1770 mundum
937 1700 1172 1794 temperante,
1188 1700 1283 1772 recte
1299 1701 1432 1772 cuncta

256 1830 345 1905 fieri.
371 1831 463 1904 Dum
487 1829 582 1905 enim
612 1828 751 1928 singula
777 1828 904 1927 digerit
932 1828 1088 1928 mobilia,
1111 1828 1211 1925 locis,
1233 1826 1361 1904 formis
1386 1850 1430 1903 ac

257 1962 477 2061 temporibus
496 1962 696 2059 distributa,
718 1962 792 2039 suis
812 1970 961 2062 quaeque
976 1963 1086 2039 nectit
1102 1961 1286 2038 ordinibus
1305 1961 1428 2038 divina

258 2092 481 2170 Providentia
499 2103 537 2170 ut
552 2096 596 2171 ad
612 2097 748 2172 bonum
766 2103 892 2171 cuncta
912 2095 1123 2195 dirigantur.
1139 2095 1234 2172 Deus
1249 2101 1303 2172 est
1315 2093 1430 2171 medi·

256 2235 354 2302 rator
374 2227 559 2308 mentium.
581 2259 597 2292 r
610 2229 703 2304 Dnm
718 2253 760 2306 ea
775 2253 856 2328 quae
872 2227 1016 2328 protulit
1030 2228 1069 2303 in
1084 2228 1140 2304 sni
1154 2228 1429 2305 similitudinem

256 2361 408 2438 retinere
427 2362 583 2458 festinat,
603 2363 738 2440 malum
753 2387 858 2440 omne
878 2362 921 2440 de
942 2362 1147 2463 reipublicae
1167 2387 1243 2440 suae
1262 2362 1429 2440 terminis

256 2518 318 2594 per
338 2493 456 2571 fatalis
476 2496 604 2573 seriem
625 2497 848 2576 necessitatis
867 2498 1039 2575 eliminat.
1063 2501 1141 2586 Quo
1162 2499 1203 2573 nt
1222 2506 1271 2598 ut,
1288 2522 1369 2597 quae
1386 2498 1429 2574 in

255 2629 359 2702 terris
385 2628 567 2736 abundare
595 2630 799 2728 creduntur,
826 2631 855 2706 si
880 2631 1131 2731 disponentem
1160 2630 1430 2707 Providentiam

198 2799 206 2807 ·
253 2771 401 2859 spectes,
418 2761 506 2836 nihil
528 2786 680 2862 nsquam
697 2763 782 2841 mali
804 2788 881 2841 esse
899 2762 1132 2865 perpendas³.
1153 2799 1169 2834 Ι
1191 2763 1349 2840 Medicus
1365 2762 1429 2840 ille

252 2893 429 2991 quosdam
458 2920 570 2995 aegros
599 2897 750 2994 lenibus,
781 2898 958 2997 quosdam
988 2898 1129 2976 acribus
1158 2898 1315 2997 adjuvat,
1339 2894 1427 2972 dliis

252 3026 360 3102 mixta
385 3028 549 3126 quadam
574 3054 639 3129 pro
664 3024 867 3108 animorum
895 3031 1065 3131 qualitate
1088 3030 1292 3108 distribuit:
1309 3045 1426 3129 qnos-

251 3155 334 3232 dam
360 3162 556 3261 remordet,
581 3188 627 3238 ne
652 3163 758 3263 longa
787 3164 954 3240 felicitate
979 3164 1180 3260 luxurient,
1207 3162 1298 3239 alios
1322 3160 1425 3236 duris

249 3289 373 3388 agitari
390 3293 483 3391 sinit,
500 3301 538 3369 ut
554 3295 704 3374 virtutes
723 3297 834 3374 animi
849 3297 1031 3397 patientiae
1045 3325 1115 3375 usn
1129 3308 1236 3399 atque
1250 3295 1425 3374 exercita-

249 3424 344 3504 tione
373 3424 594 3506 contirmet⁴.
624 3468 638 3502 a
672 3433 790 3518 Quare
814 3431 866 3508 vir
891 3434 1033 3532 sapiens
1062 3432 1211 3508 moleste
1227 3429 1320 3506 ferre
1347 3451 1423 3504 non

245 3558 360 3660 debet,
387 3562 526 3660 quoties
552 3563 590 3637 in
614 3563 768 3640 fortunae
790 3575 973 3642 certamen
997 3565 1208 3659 adducitur,
1233 3571 1273 3637 ut
1303 3562 1423 3639 virum

216 3690 371 3769 sortem
388 3719 460 3770 non
476 3696 576 3772 decet
586 3696 762 3797 indignari
778 3698 916 3799 quoties
932 3699 1110 3799 increpuit
1127 3695 1277 3774 bellicus
1290 3693 1424 3770 tumul·

200 3852 204 3856 ⁵
244 3823 333 3902 tus⁵.
371 3861 386 3892 »
425 3830 512 3903 Cum
542 3830 639 3903 omni
673 3829 819 3907 fortuna
856 3833 1021 3934 praelium
1053 3840 1107 3910 est
1141 3827 1422 3922 conserendnm3
1523 3877 1529 3885 x

246 3982 1420 4015 *ww-„W

274 4063 284 4096 ¹
307 4061 411 4115 Consol,
423 4065 468 4127 ΙΙΙ,
483 4080 522 4130 pr.
537 4063 560 4117 b.

273 4142 285 4174 ¹
306 4139 343 4190 De
360 4143 432 4192 Casu
446 4145 565 4194 decernit
577 4142 682 4201 Boetius
695 4151 724 4203 nt
736 4146 891 4204 Aristoteles
910 4146 966 4218 ipse
988 4170 994 4204 :
1015 4143 1201 4213 «Improvisus
1221 4143 1423 4207 inopinatusque

240 4237 381 4274 concursus
394 4241 540 4288 causarum,
559 4244 634 4280 casus
647 4238 760 4284 vocatur.
777 4235 829 4284 Cur
840 4240 931 4284 autem
948 4233 1082 4284 confluent
1099 4243 1130 4279 ac
1149 4228 1307 4276 concurrant
1324 4235 1422 4280 causae,

237 4302 298 4379 facit
310 4304 354 4354 ille
369 4306 432 4355 ordo
444 4306 587 4360 inevitabili
601 4313 764 4364 connexione
777 4313 923 4378 procedens
937 4312 1055 4380 (Censet.
1070 4310 1100 4371 V,
1113 4323 1152 4372 pr.
1168 4307 1200 4371 t).

268 4383 284 4416 “⁸
307 4383 423 4446 Censet,
435 4384 477 4447 IV,
492 4402 531 4450 pr.
548 4389 571 4439 6⁶

269 4463 283 4496 ⁴
303 4463 384 4525 rara,
398 4479 437 4526 pr.
452 4465 475 4515 o.
509 4511 511 4514 Α

271 4544 282 4574 ⁸
301 4541 383 4603 rata,
397 4557 435 4607 pr.
453 4544 476 4595 a
