3240 5468
700 467 876 540 ..09-

201 661 287 762 satis
303 662 424 739 elucet
438 683 558 761 regem
575 660 640 737 hos
655 659 750 736 viros
766 657 1057 759 praeclarissimos
1073 681 1138 761 pro
1154 667 1278 737 sanctu
1296 660 1376 738 reli-

202 797 306 900 gione
330 793 518 890 occidisse,
538 793 796 894 diligenterque
818 816 963 870 curasse
985 794 1029 870 de
1048 817 1175 872 eorum
1197 793 1372 896 reliquiis,

200 955 255 1030 ac,
271 954 316 1008 ne
330 928 539 1030 religiosum
551 934 586 1006 et
596 926 698 1027 pium
713 925 849 1009 cultum
859 926 1073 1028 acciperent,
1085 951 1210 1005 eorum
1222 952 1373 1029 corpora

201 1064 371 1143 abscondi
385 1063 546 1164 jussisse.

253 1201 307 1274 lta
318 1221 402 1297 ergo
418 1196 520 1273 evita
534 1194 684 1272 excessit
699 1196 843 1272 Boetius
859 1203 1062 1273 constanter
1076 1203 1111 1271 et
1122 1196 1272 1296 fortiter,
1288 1221 1371 1274 curn

202 1327 373 1430 saplentis
393 1326 594 1403 constantia
610 1335 645 1402 et
663 1324 871 1402 fortitudine
890 1325 1071 1425 martyris,
1086 1333 1280 1427 postquam
1303 1329 1372 1405 Ec-

200 1461 317 1540 clesiae
335 1459 517 1537 catholicae
540 1480 582 1534 ac
605 1457 729 1559 patriae
749 1458 904 1534 fideliter
928 1458 1145 1554 inservisset,
1168 1482 1369 1562 pauperum

201 1594 352 1691 amicus,
367 1614 625 1694 oppressorum
636 1589 804 1668 defensor
819 1589 1027 1687 acerrimus,
1039 1591 1093 1668 vir
1103 1592 1199 1668 omni
1209 1593 1370 1672 doctrina

200 1727 376 1824 excultus,
402 1734 533 1824 orator,
558 1733 674 1826 poeta,
707 1724 953 1826 philosophus,
979 1748 1044 1801 neo
1072 1748 1144 1801 non
1169 1725 1367 1827 theologus,

200 1868 355 1952 sanator,
381 1856 506 1934 consul
539 1880 580 1933 ac
609 1857 755 1933 demum
778 1855 986 1933 Christianae
1010 1856 1095 1932 [idei
1118 1857 1284 1958 martyr¹
1313 1858 1370 1934 in-

234 2183 243 2220 ¹
263 2182 405 2233 Innumera
417 2181 450 2232 de
460 2180 548 2231 Boetia
562 2184 676 2246 martyre
688 2181 784 2231 adsunt
796 2180 946 2231 testimonia
959 2194 1017 2245 quae
1029 2181 1111 2235 fusius
1122 2183 1258 2250 recollegit
1270 2184 1369 2237 Bosizio

198 2261 339 2326 (Memorio
357 2260 461 2312 intorno
475 2260 501 2310 al
519 2261 596 2324 luogo
609 2259 652 2309 del
674 2258 797 2323 supplizio
810 2259 836 2309 di
848 2258 877 2312 S.
890 2259 980 2311 Boetio
994 2273 1044 2310 con
1055 2275 1092 2311 un
1112 2263 1255 2327 appendice
1267 2264 1370 2314 intorno

198 2345 249 2395 alla
261 2344 287 2394 di
300 2344 338 2394 lui
351 2343 455 2405 santita,
469 2342 556 2403 Paula,
569 2339 649 2404 1855).
662 2341 724 2392 Haeo
736 2355 818 2405 pauca
828 2346 931 2394 tantum
943 2342 975 2392 de
986 2357 1079 2394 acervo
1093 2361 1099 2395 :
1114 2362 1125 2392 ι
1141 2345 1316 2399 Theudoricus
1325 2362 1372 2399 rex

198 2424 347 2487 haereticus,
363 2424 447 2475 tenuit
458 2424 522 2474 duos
545 2427 679 2474 senatores
691 2423 830 2485 praeclaros
842 2426 869 2472 et
880 2425 1042 2487 exconsules,
1055 2425 1242 2489 Symmachum
1256 2431 1283 2478 et
1302 2427 1371 2480 Boe-

197 2506 280 2566 tium,
301 2508 327 2554 et
351 2503 464 2562 occidit,
486 2501 648 2552 interficiens
670 2501 764 2566 gladio.
789 2518 801 2552 u
825 2502 910 2566 (biher
923 2504 1088 2567 Pontificul,
1102 2505 1197 2570 iligna,
1209 2511 1229 2557 t.
1242 2506 1371 2572 CXXVIII,

197 2587 246 2636 col.
260 2585 327 2648 515.)
347 2584 385 2633 Da
400 2583 445 2635 SS.
464 2583 583 2633 Severini
597 2582 680 2632 Boetii
701 2587 728 2631 et
741 2582 848 2634 loannIs
861 2597 934 2647 papae
953 2598 985 2633 ac
1006 2583 1155 2647 Symmachi
1175 2585 1276 2648 patricii
1288 2591 1373 2637 morte

197 2669 277 2728 atque
292 2664 364 2715 cultu
382 2666 490 2713 narrant
510 2663 576 2713 Acta
598 2663 753 2713 Sanctorum
769 2663 796 2728 (t.
809 2663 885 2725 XIX,
898 2662 1005 2714 ParIsiis
1017 2666 1044 2712 et
1061 2663 1161 2726 Roma,
1174 2664 1262 2715 Victor
1273 2665 1373 2729 Palma,

197 2744 280 2808 1866).
294 2744 356 2794 Haeo
367 2742 530 2792 desumImus
547 2757 578 2792 ex
589 2741 673 2793 Nouia
685 2743 875 2805 Bolloudistis,
889 2758 1001 2807 quorum
1013 2758 1055 2794 ars
1068 2744 1158 2794 critica
1178 2745 1274 2809 ubique
1294 2745 1375 2797 fldem

197 2823 266 2874 facit.
282 2823 349 2874 rDie
362 2822 405 2872 23⁸
418 2821 541 2882 octobris,
553 2822 579 2873 S.
593 2822 676 2871 Boetii
688 2837 734 2872 seu
747 2821 865 2872 Severini
875 2824 1001 2872 memoria
1012 2823 1090 2873 hodie
1102 2823 1251 2874 celebratur
1263 2825 1290 2875 in
1301 2839 1375 2876 mar-

198 2902 324 2970 tyrologio
338 2900 496 2967 hlaurolpci,
520 2902 548 2951 iu
573 2903 758 2966 martyrologio
777 2902 930 2952 Germanico
950 2902 1109 2966 Walasseri,
1131 2903 1200 2952 dicto
1218 2903 1332 2967 canisii,
1347 2906 1375 2955 in

197 2986 298 3038 WIonis
320 2986 404 3050 liquo
421 2984 493 3047 vitoe,
507 2983 534 3032 in
545 2983 667 3046 Catalogo
682 2982 798 3046 generali
818 2981 944 3043 Ferraria,
961 2981 990 3030 in
1000 2981 1120 3045 ejusdem
1132 2984 1282 3033 sanctorum
1295 2984 1375 3036 Italiae

197 3070 331 3134 catalogo,
347 3073 426 3132 atque
445 3066 524 3117 etiam
544 3066 572 3114 in
593 3064 744 3128 Hagiologio
767 3063 863 3125 italico,
886 3063 955 3126 quod
975 3063 1036 3111 inde
1057 3062 1224 3125 desumptum
1238 3066 1289 3114 est.
1306 3064 1375 3124 Quin

197 3149 278 3199 etiam
290 3149 318 3198 in
331 3146 515 3213 martyrologio
530 3145 649 3204 Usuardi‚
664 3145 770 3195 ineunte
783 3145 879 3194 saeculo
891 3144 963 3206 XVI,
980 3142 1082 3208 anglico
1094 3143 1218 3193 idiomate
1232 3158 1293 3193 curn
1309 3159 1374 3194 auc-

197 3227 270 3279 tariis
281 3226 392 3278 Londini
406 3225 485 3287 edito,
499 3225 524 3276 S.
540 3224 622 3274 Boetii
634 3225 724 3273 laudes
735 3224 785 3274 bac
800 3224 841 3273 die
856 3223 1014 3273 referuntur.
1027 3223 1072 3272 Est
1093 3227 1181 3272 autem
1201 3223 1245 3273 ille
1266 3224 1374 3275 Anicius

197 3304 305 3357 Manlius
319 3305 463 3368 Torquatus
484 3303 623 3354 Severinus
642 3302 756 3365 Boetius,
776 3303 919 3353 consulens
937 3308 965 3353 et
985 3301 1106 3368 egregius
1125 3303 1294 3368 philosophus
1300 3339 1370 3356 .....

197 3384 272 3448 cujus
285 3384 430 3434 etiamnum
442 3383 560 3446 reliquiae
570 3381 623 3432 illic
631 3381 667 3445 (in
679 3383 791 3432 ecclesia
802 3381 925 3445 Papiensi
937 3395 985 3430 seu
995 3378 1134 3442 Ticinensi)
1145 3380 1277 3443 coluntur,
1286 3397 1373 3446 nuper

195 3464 228 3514 da
242 3463 417 3528 singularibus
428 3462 525 3525 aliquot
537 3463 594 3525 ejus
606 3465 684 3515 rebus
697 3465 837 3529 diligenter
849 3465 951 3528 scripsit
971 3464 1002 3514 R.
1018 3464 1047 3513 o.
1062 3462 1187 3525 Bosizius,
1200 3465 1307 3528 capituli
1319 3467 1372 3518 Pa·

194 3542 289 3606 piensis
306 3541 461 3606 praepositus
484 3545 511 3591 et
530 3543 622 3607 templi
639 3543 794 3594 cathedralis
814 3543 943 3608 parochus
948 3577 1017 3595 .....
1042 3541 1164 3592 Feliciter
1183 3543 1373 3595 demonstravit

194 3619 309 3671 Bosizius
321 3634 382 3670 vere
394 3620 552 3670 cathoIIcum
564 3621 642 3673 hrisse
655 3621 784 3683 Boetium,
797 3636 963 3686 nequaquam
973 3621 1099 3672 rebellem
1111 3621 1163 3672 dici
1174 3637 1260 3686 posse,
1271 3627 1297 3675 et
1310 3625 1371 3688 jnre

194 3701 287 3752 merito
301 3705 444 3766 martyrem
455 3700 547 3751 haberi
560 3701 805 3767 apraestantissimIs
818 3702 986 3766 scriptoribus
1000 3715 1082 3765 eoque
1095 3702 1171 3752 titulo
1187 3704 1370 3755 eccleSIasticis

194 3782 336 3833 honoribus
348 3780 406 3833 coli.
423 3781 502 3846 (Actu
512 3782 607 3832 Samot.
622 3782 761 3846 supplem,
776 3781 914 3842 BruerIIs‚
928 3781 996 3845 taut,
1009 3785 1028 3831 t.
1041 3781 1083 3846 X.)
1100 3800 1112 3827 u

223 3860 368 3912 Audiamus
385 3861 492 3912 andem
502 3861 534 3913 R.
548 3862 580 3912 R.
595 3875 625 3912 ao
636 3860 816 3912 doctissimum
828 3859 981 3924 episcopum
993 3862 1038 3926 qui
1052 3861 1194 3914 hodiedum
1209 3864 1367 3930 Papiensem

194 3940 263 4006 regit
275 3939 421 3991 Ecclesiam
435 3957 441 3992 :

229 4039 242 4066 ι
254 4019 369 4085 L’Eglise
380 4020 413 4069 da
425 4018 503 4070 Pavie
519 4019 600 4070 recito
615 4020 649 4071 ob
663 4018 873 4070 immemorubtlt
886 4024 1012 4085 tempore,
1026 4023 1119 4075 l'olllce
1133 4025 1165 4074 de
1177 4025 1247 4076 saint
1259 4025 1368 4078 Serena

195 4099 288 4161 Boece,
300 4099 325 4149 le
334 4097 396 4162 jour
410 4098 586 4150 anniversaire
598 4101 631 4150 de
646 4113 693 4150 son
711 4102 834 4164 martyre,
848 4097 879 4149 23
891 4100 1006 4152 octobre.
1020 4101 1087 4154 Tout
1098 4104 1191 4156 l'ofsrce
1207 4109 1234 4156 et
1244 4107 1269 4156 la
1281 4121 1368 4159 messe

194 4181 253 4228 sont
264 4178 297 4228 du
311 4192 435 4229 commun
445 4178 507 4229 d’un
518 4185 626 4246 martyr.
955 4178 967 4199 ’·
995 4200 996 4204 ’

228 4275 238 4304 ι
256 4258 286 4309 la
297 4273 361 4310 vous
370 4274 527 4326 encourage,
540 4259 678 4319 Moesiam,
692 4257 870 4323 ipoursuIvre
880 4273 933 4310 une
944 4273 1033 4311 oeuvre
1049 4262 1118 4313 bella
1132 4276 1235 4313 comme
1246 4266 1272 4315 la
1283 4265 1365 4316 verite'

194 4347 222 4392 et
231 4341 319 4393 bonne
331 4357 436 4395 comme
449 4343 474 4394 le
494 4344 564 4395 culte
579 4343 625 4395 des
637 4342 728 4395 saints.
751 4343 783 4394 Et
795 4357 829 4394 en
843 4357 906 4394 vous
918 4342 1065 4394 souhaItant
1083 4346 1168 4394 tontes
1183 4345 1222 4396 les
1239 4345 1363 4398 benedic-

193 4420 271 4486 tions,
285 4426 338 4475 etc.

880 4504 900 4569 †
915 4503 1031 4557 Lucinas
1043 4503 1086 4566 ll„
1098 4503 1208 4571 eaeque.

286 4583 378 4649 Pania,
390 4581 426 4637 10
436 4582 494 4637 moi
508 4581 588 4638 1876.
