3240 5468
739 458 937 530 „102-

257 637 428 756 spectant,
464 664 547 731 sunt
580 687 599 722 «
627 676 793 755 suprema
823 677 943 725 aarum
971 675 1112 751 genera,
1137 685 1152 717 n
1180 677 1244 728 seu
1272 690 1288 720 α
1316 655 1429 730 series

256 812 373 862 rerum
400 784 691 886 praedicabilium.
721 819 738 852 »
764 785 866 859 Hanc
890 782 1133 882 magistralem
1157 784 1428 862 distinctionem

256 919 398 996 disertis
421 918 538 995 verbis
562 918 639 1019 ipse
664 917 816 994 adstruit
839 915 1006 993 Boetius:
1027 947 1042 982 a
1063 916 1259 993 Dicendum
1276 927 1339 1014 est,
1363 918 1427 1008 ait,

256 1053 420 1151 quonium
433 1066 560 1126 RERUM
569 1050 687 1149 prima
702 1051 815 1125 decern
825 1073 949 1147 aenean
958 1064 1054 1138 arant,
1067 1073 1214 1126 necesse
1224 1048 1291 1125 fuit
1300 1050 1429 1127 decem

257 1207 399 1282 quoque
419 1206 496 1258 esse
521 1181 703 1283 simplices
721 1206 837 1279 uoces,
860 1205 940 1281 quae
962 1183 1005 1259 de
1021 1183 1192 1281 subjectis
1208 1181 1313 1257 rebus
1328 1184 1432 1258 dice-

257 1320 414 1396 rentur¹.
434 1347 449 1380 ¹>
469 1320 587 1404 Quum
602 1325 723 1391 autem
738 1315 889 1415 quaestio
903 1315 1023 1414 agitur
1036 1314 1080 1391 de
1095 1314 1333 1392 affirmatione
1345 1341 1431 1416 quae

257 1451 295 1526 in
309 1475 350 1527 eo
365 1449 537 1545 consistit,
555 1456 593 1522 ut
609 1449 805 1548 jungantur
820 1447 874 1524 vel
899 1447 1151 1546 disjungantur
1176 1472 1280 1524 voces
1304 1474 1430 1525 rerum

256 1592 422 1680 naturum
447 1583 502 1660 vel
527 1581 760 1682 proprietates
785 1581 1038 1680 significantes,
1057 1590 1139 1656 tunc
1164 1589 1246 1658 tota*
1265 1583 1310 1658 ad
1335 1582 1431 1681 logi-

256 1739 334 1792 cam
356 1715 493 1791 transit.
515 1717 569 1790 lta
585 1713 680 1790 enim
700 1714 803 1789 docet
824 1714 991 1790 Boetius:
1017 1741 1032 1774 α
1049 1713 1223 1801 Quocirca
1243 1714 1271 1789 si
1293 1716 1432 1815 praedi-

256 1856 420 1926 camenta
451 1850 577 1948 juncta
615 1845 751 1922 faciunt
788 1846 1064 1922 affirmationem
1102 1845 1310 1942 (affirmatio
1343 1872 1432 1923 vero

256 1982 399 2059 nonnisi
413 1981 451 2056 in
471 1980 632 2057 oratione
647 1989 712 2079 est,
729 2005 807 2079 quae
827 1991 944 2057 autem
957 1984 1155 2080 junguntur
1176 1988 1213 2056 ut
1231 1981 1431 2058 affirmatio

256 2115 331 2211 tiat,
348 2115 403 2191 hae
424 2122 507 2191 sunt
522 2139 643 2190 rerum
658 2114 898 2214 significantes
918 2119 1049 2211 vocas),
1067 2113 1431 2214 praedicamentorum

259 2255 440 2344 tractatus,
459 2270 531 2322 non
545 2246 590 2323 de
605 2246 725 2343 rebus,
743 2247 805 2324 sed
821 2248 866 2323 de
880 2247 1026 2324 vocibus
1040 2245 1127 2324 est².
1148 2276 1163 2310 ν

310 2382 484 2458 Differunt
508 2389 628 2459 autem
652 2382 712 2457 isti
735 2383 808 2457 duo
830 2389 1000 2458 tractatus
1019 2382 1096 2460 ita:
1122 2381 1208 2457 dum
1228 2382 1432 2461 universate

257 2515 543 2616 metaphysicum
565 2517 654 2590 circa
677 2531 744 2591 aas
768 2540 841 2615 qua
860 2516 1097 2615 predicantur
1116 2515 1237 2592 solum
1254 2525 1430 2611 versatur,

259 2648 457 2726 universale
471 2649 626 2749 logicum
643 2656 779 2750 spectat
800 2651 1083 2748 admodumque
1103 2673 1159 2724 res
1181 2652 1431 2748 predicantur.

259 2783 438 2871 Quaeritur
464 2781 597 2860 scilieet
620 2804 665 2857 an
691 2782 865 2883 generice,
887 2805 933 2857 an
958 2783 1124 2882 specifica
1146 2782 1347 2859 differentia
1375 2810 1433 2860 res

259 2916 374 2992 uotari
398 2917 550 3012 debent3
575 2916 625 2991 ita
650 2923 689 2991 ut
713 2916 834 2992 omnia
854 2915 1133 3016 praedicamenta
1154 2914 1198 2990 ad
1220 2942 1332 2993 unum
1352 2919 1435 2995 uni-

259 3039 396 3127 versale
406 3048 572 3150 logicum,
585 3049 613 3125 si
626 3049 819 3126 attenditur
834 3051 921 3126 ordo
932 3048 1197 3148 cogitationum,
1215 3051 1430 3149 pertineant.

261 3180 467 3258 Universale
485 3205 570 3258 vero
589 3182 878 3282 metaphysicum
894 3183 1011 3257 varios
1031 3183 1187 3259 entitatis
1204 3183 1335 3282 gradus
1350 3207 1434 3260 con-

261 3315 404 3409 siderat,
432 3315 636 3415 incipiendo
655 3338 675 3389 a
694 3317 886 3390 sradstanta'a
905 3316 1033 3414 prima.
1056 3319 1116 3391 Est
1137 3317 1309 3392 terminus
1329 3342 1432 3416 aqam

262 3448 465 3548 proceditur
483 3448 530 3524 ad
544 3448 799 3547 inquirendum
815 3447 859 3523 de
878 3447 1067 3525 universali
1082 3448 1206 3549 logico.

290 3593 291 3596 ’
315 3582 584 3659 Danturautem
599 3580 815 3658 universalia
826 3582 991 3682 quaedam
1001 3591 1041 3657 ut
1051 3583 1144 3672 Ena,
1162 3585 1433 3686 [laoniarum

262 3726 296 3793 et
326 3719 483 3805 Bonan,
514 3739 595 3814 quae
624 3723 721 3792 extra
750 3739 896 3792 omnem
921 3715 1088 3818 speciem,
1114 3739 1291 3816 omneque
1319 3743 1432 3818 genus

263 3860 456 3948 ponuntur,
479 3859 513 3925 et
537 3849 617 3925 ideo
642 3851 917 3925 transcendentia
939 3861 1123 3946 vocantur,
1141 3873 1182 3926 ac
1202 3850 1296 3926 velut
1314 3851 1432 3950 prima

263 3982 372 4057 totius
391 3981 643 4082 metaphysica
666 3982 898 4059 fundamenta
919 3982 1191 4083 praemittuntur.
1211 3982 1332 4057 Dahis
1353 3982 1432 4059 dis-

263 4116 375 4194 seruit
405 4116 548 4195 Boetius
577 4116 613 4191 in
642 4117 851 4193 brevissimo
877 4141 916 4191 ex
956 4116 1232 4191 Hebdomadibus
1266 4127 1432 4214 excerpto

262 4346 455 4356 *-

296 4477 305 4510 ¹
328 4475 361 4524 In
376 4476 464 4540 Cetea.
478 4477 599 4539 Ariston,
613 4476 658 4527 lib.
671 4477 712 4538 IV,
728 4476 823 4540 teigne,
835 4480 855 4525 t.
869 4474 952 4535 thv,
971 4476 1020 4526 col.
1039 4475 1093 4525 tat.

294 4558 306 4590 ²
327 4555 397 4607 Ibid.
