3240 5468
660 420 854 490 -lm-

167 610 249 687 ideo
268 641 283 676 x
302 609 522 688 acatholicis
536 609 734 711 discipIInis
750 608 902 688 multum
918 611 1083 688 aberrare
1097 609 1302 709 (Boetium).
1320 647 1337 681 »

168 744 258 820 Nam
281 740 320 819 1⁰
342 767 385 820 ex
405 743 549 843 optimis
575 745 772 821 rationibus
796 745 1071 823 controvertitur
1096 745 1340 848 interpretatio

168 901 280 977 quarn
298 877 404 955 refert
428 885 554 954 auctor
578 881 733 954 duorum
757 871 920 956 locorum
944 879 1057 957 Boetii
1071 877 1096 959 ¹.
1121 880 1164 955 In
1184 902 1338 980 quorum

168 1012 287 1113 priore
299 1011 489 1089 discrimen
501 1012 701 1090 ostenditur
712 1012 804 1088 inter
815 1038 894 1089 eam
911 1037 1032 1089 rerum
1048 1013 1213 1091 notitiam
1223 1037 1304 1114 quae
1319 1035 1341 1088 a

166 1146 332 1223 sensibus
348 1145 520 1244 originem
538 1147 644 1223 hahet
662 1154 697 1222 et
716 1169 795 1223 eam
811 1168 891 1245 quae
906 1149 951 1222 ab
966 1146 1145 1225 intellectu
1162 1146 1335 1248 procedit,

167 1287 277 1378 atque
299 1279 336 1353 in
355 1279 554 1379 primorum
570 1279 827 1380 principiorum
847 1281 997 1356 fecunda
1018 1280 1341 1381 comprehensione

168 1411 392 1512 siugulorum
407 1412 571 1488 notitiam
589 1413 755 1489 eontinet.
774 1415 815 1489 Iu
833 1415 1160 1514 posterioreautem
1172 1413 1341 1489 alluditur

168 1545 302 1646 forsan,
317 1553 355 1620 ut
370 1545 445 1623 vult
461 1544 601 1645 Callyus
616 1541 640 1643 ²,
658 1546 703 1622 ad
719 1554 851 1623 statum
872 1548 979 1649 primi
993 1547 1149 1624 hominis
1165 1556 1249 1625 ante
1264 1571 1343 1650 pec·

170 1686 303 1754 catum.
319 1678 399 1754 van
413 1688 533 1755 autem
545 1677 713 1756 laudatus
727 1688 851 1757 auctor
866 1680 942 1757 haec
956 1681 1029 1757 duc
1045 1679 1123 1758 loca
1143 1679 1342 1756 doctnuam

171 1812 217 1888 de
240 1811 499 1912 praeexistentia
519 1812 719 1889 animarum
744 1815 938 1892 continere.
958 1811 998 1889 2⁰
1017 1813 1199 1917 Quidquid
1217 1814 1261 1890 de
1285 1813 1341 1888 his

171 1946 260 2023 locis
275 1946 506 2044 decernatur,
533 1956 672 2024 certum
692 1957 746 2025 est
771 1949 863 2024 hanc
882 1949 1082 2025 doctrinam
1101 1947 1153 2059 ah¹
1171 1946 1340 2043 Ecclesia,
1447 1989 1449 1993 ·

171 2079 265 2156 circa
280 2079 422 2181 triginta
443 2105 557 2159 annos
580 2092 659 2183 post
677 2083 789 2159 Boetii
813 2092 976 2180 mortem,
993 2083 1202 2160 damnatam
1218 2105 1297 2159 esse
1311 2077 1337 2177 ³,

170 2213 209 2288 in
220 2213 368 2290 concilio
379 2216 770 2317 Constantinopolitano
780 2218 1068 2315 H⁰,oeoumenicc
1078 2219 1236 2316 V·‚annc
1247 2209 1338 2310 553,

168 2355 206 2423 et
219 2347 302 2426 inde
318 2347 407 2425 nihil
426 2357 550 2427 contra
565 2351 679 2427 Boetii
693 2352 930 2429 orthodoxam
944 2351 1055 2428 fidem
1070 2349 1145 2428 erui
1161 2373 1277 2452 posse.

225 2551 287 2628 Ill.
308 2597 360 2610 -
384 2554 590 2631 Illeruntur
613 2555 723 2631 etiam
744 2580 765 2631 a
789 2556 830 2633 D.
858 2559 894 2632 C.
921 2553 1114 2632 Jourdain⁴
1133 2565 1168 2633 et
1186 2580 1207 2631 a
1227 2555 1343 2631 Nitcs-

173 2682 276 2762 ohio⁵
294 2685 403 2763 verba
427 2687 576 2762 Ioannis
600 2687 871 2764 sarisberiensis
893 2688 952 2781 (de
973 2658 1170 2788 Salisbu'ry)
1192 2687 1343 2764 dolentis

174 2820 305 2896 librum
330 2821 375 2897 de
396 2821 645 2897 Consolatione
669 2855 685 2888 a
704 2844 778 2897 non
794 2821 992 2923 exprimere
1007 2821 1163 2897 Verbum
1182 2821 1343 2897 incarna-

175 2963 264 3031 tum.
285 2988 302 3022 »
322 2953 357 3030 Si
374 2960 493 3031 autem
506 2954 669 3030 Boetium
684 2954 875 3031 vulnerant
891 2955 1001 3030 verba
1018 2953 1173 3030 doctoris
1192 2964 1227 3030 et
1247 2953 1345 3055 epis-

176 3087 256 3189 copi
274 3088 435 3184 toannis,
457 3086 643 3165 latendum
664 3095 718 3164 est
737 3110 780 3166 ea
796 3088 876 3188 ipsu
900 3088 1125 3188 optissimum
1145 3087 1345 3164 remedium

176 3221 365 3321 adponere.
389 3221 473 3297 Haec
494 3231 578 3299 sunt
595 3223 706 3299 rerba
726 3221 874 3299 Ioannis
890 3221 1184 3299 Sarisheriensis:
1206 3254 1222 3286 «
1251 3220 1347 3297 licet

175 3353 234 3430 ille
257 3354 346 3433 liber
359 3354 517 3433 Verbum
540 3379 615 3432 non
639 3356 814 3457 exprimat
837 3356 1074 3449 incarnatum,
1102 3365 1221 3430 tamen
1251 3352 1347 3454 apud

175 3513 236 3566 eos
252 3489 315 3589 qui
329 3490 466 3567 ratione
481 3489 644 3566 nituntur
658 3513 731 3565 non
747 3488 937 3565 mediocris
953 3487 1174 3564 auctoritatis
1189 3497 1254 3582 est,
1264 3510 1347 3562 oum

178 3623 224 3698 ad
252 3623 521 3723 reprimendum
554 3623 747 3726 quemlibet
781 3622 991 3699 exulceratae
1026 3621 1156 3696 mentis
1186 3620 1348 3696 dolorem

179 3781 336 3857 congrua
359 3758 489 3858 cuique
515 3757 778 3835 medicamenta
802 3756 977 3832 conficiat.
1006 3758 1076 3831 Nec
1101 3754 1240 3852 judaeus
1267 3752 1350 3851 qui·
1397 3768 1404 3786 ‘

179 3889 274 3984 dem,
292 3913 358 3967 neo
373 3914 507 3990 graecus
523 3890 589 3966 suh
606 3900 777 3991 praetextu
799 3888 977 3990 religionis
995 3887 1180 3964 medicinae
1199 3885 1352 3962 declinet

622 4097 717 4114 —

218 4215 228 4250 ¹
249 4213 363 4276 Consul„
378 4213 423 4264 lib.
437 4214 482 4277 ΙΙΙ,
496 4219 560 4266 met.
573 4215 613 4276 11,
629 4220 655 4264 et
667 4214 711 4265 lih.
725 4215 754 4278 V,
773 4218 837 4266 met.
852 4215 876 4264 3.

216 4296 228 4328 ¹
249 4295 324 4359 Apud
339 4294 435 4360 Ilipam
447 4298 512 4345 tom.
524 4295 609 4359 LlIIll,
623 4295 672 4345 eol.
691 4294 744 4345 tm.

218 4377 230 4409 Ι
250 4374 350 4428 Concil.
366 4390 425 4441 gen.
447 4375 521 4426 Pauli
534 4377 556 4426 V
568 4381 635 4426 auct.
652 4376 730 4437 edita,
743 4375 842 4438 Romae,
865 4373 935 4437 1609,
951 4377 1013 4423 tom.
1036 4373 1069 4435 ll,
1090 4387 1115 4436 p.
1134 4371 1181 4423 657
1200 4388 1206 4422 2
1226 4389 1235 4418 ι
1254 4370 1282 4422 Si
1298 4369 1357 4434 quis

183 4454 247 4504 dicit
258 4462 303 4506 aut
314 4456 393 4507 sentit
403 4457 570 4521 praexistere
584 4457 723 4507 hominurn
737 4455 868 4507 animas...
887 4460 938 4504 etc.
956 4474 966 4501 a

217 4536 230 4569 ⁴
250 4534 311 4587 Iac.
324 4537 410 4601 citat„
424 4552 449 4600 p.
463 4536 518 4588 331.

220 4617 232 4650 ⁸
254 4615 312 4670 doc.
325 4617 382 4679 cit,
394 4632 420 4682 p.
433 4617 475 4669 29.
