3240 5468
741 482 778 492 ..-
807 442 849 510 Μ
877 483 915 492 ,.

248 673 262 706 ε
295 632 482 741 ralitatem,
499 633 891 732 considerationemque
907 658 998 709 verae
1017 633 1255 735 philosophiae
1269 636 1419 735 indaga-

245 799 264 836 »
296 769 392 845 tione
407 767 647 868 componitur.
664 810 717 824 -
729 767 822 841 Alias
839 767 882 842 de
902 766 1179 866 intelligibilibus
1195 792 1235 845 eu
1253 792 1419 870 compre·

245 935 262 968 »
296 901 419 978 heudit
443 926 523 1000 quae
548 909 630 976 sunt
650 901 811 977 omnium
831 899 1028 976 caelestium
1051 925 1215 1002 supernae
1234 903 1415 981 divinitati

245 1067 261 1100 »
293 1058 442 1134 operum
468 1058 601 1130 causae,
628 1043 662 1111 et
686 1024 860 1133 quidquid
889 1033 954 1109 sub
980 1033 1098 1110 lunari
1122 1035 1228 1133 globo
1254 1035 1416 1114 beatiore

244 1199 261 1234 »
293 1168 415 1243 animo
436 1175 544 1265 etque
560 1166 703 1267 puriore
721 1165 919 1242 substantia
937 1165 1050 1262 valet,
1071 1175 1252 1267 postremo
1278 1169 1416 1244 huma·

243 1334 260 1366 »
292 1324 424 1374 narum
447 1300 651 1376 animarum
676 1298 916 1376 conditionem
942 1306 1050 1399 atque
1070 1307 1259 1379 statum...
1284 1287 1416 1402 'Merito

243 1465 260 1498 »
294 1432 384 1525 (boec
400 1437 498 1533 pars)
519 1433 556 1508 in
577 1431 695 1508 medio
714 1431 884 1508 collocata
909 1440 974 1530 est,
991 1433 1089 1532 quod
1112 1433 1242 1510 lrabeat
1269 1443 1304 1511 et
1329 1459 1415 1511 cor-

241 1589 420 1673 pporum
439 1565 695 1642 animationem
720 1574 754 1641 et
778 1565 1045 1666 quodammodo
1065 1566 1355 1665 vivificationem,
1380 1576 1415 1644 et

227 1731 259 1807 ¹e
285 1698 588 1804 intellectibilium
626 1697 966 1796 considerationem,
1004 1699 1333 1801 cognitionemque,
1374 1710 1415 1776 ut

240 1863 256 1895 n
290 1829 425 1906 dictum
449 1839 513 1906 est.
545 1872 596 1888 -
622 1830 738 1906 Tertia
767 1854 851 1931 pers
871 1844 1021 1916 θεωρητικῆς
1044 1840 1098 1908 est
1117 1855 1197 1931 quoe
1216 1834 1310 1909 circa
1331 1858 1415 1911 cor-

226 1997 257 2037 .»
290 1986 376 2063 pora
405 1972 511 2062 atque
535 1987 660 2039 eorum
686 1964 886 2061 scientium,
903 1965 1213 2066 cognitionemque
1232 1977 1410 2044 versatur.

242 2128 260 2162 »
290 2133 344 2153 --
360 2095 527 2171 Praeticae
541 2119 626 2173 vero
641 2096 875 2196 philosophiae
896 2107 948 2173 est
966 2121 1110 2197 quoque
1125 2096 1252 2199 triplex
1269 2099 1412 2177 divisio.

242 2261 258 2295 »
293 2231 352 2304 Est
384 2229 480 2305 enim
509 2227 626 2329 prima
656 2253 736 2329 quae
763 2230 820 2335 sui
849 2254 972 2307 curam
1003 2254 1140 2330 gerens,
1166 2233 1307 2309 cunctis
1331 2257 1414 2311 sese

238 2341 258 2463 'o
291 2362 405 2472 erigit,
423 2371 580 2462 exornat,
600 2371 776 2463 augetque
793 2364 1052 2440 virtutibus-
1068 2366 1234 2443 Secunda
1250 2391 1333 2444 vero
1354 2377 1413 2444 est

240 2528 257 2562 ι
288 2519 368 2595 quoe
388 2495 591 2595 reipublicae
606 2519 729 2572 curam
747 2495 956 2595 suscipiens,
973 2504 1185 2573 cunctorum
1208 2498 1315 2576 saluti
1336 2526 1413 2578 suae

240 2607 257 2696 u
288 2627 519 2727 providentiae
552 2629 707 2725 solertia,
741 2637 775 2705 et
805 2628 952 2729 justitiae
986 2629 1090 2726 libra,
1124 2639 1159 2706 et
1187 2630 1412 2710 fortitudinis

240 2761 494 2856 estabilitate,
530 2770 564 2838 et
599 2762 842 2862 temperantiae
875 2762 1045 2861 patientia
1078 2763 1250 2841 medetur.
1291 2767 1411 2844 Tertia

238 2927 255 2962 u
288 2918 371 2972 vero
398 2919 478 2994 quae
507 2895 557 2971 rei
586 2894 775 2971 familiaris
799 2893 960 2970 officium
986 2894 1154 2971 mediocri
1185 2921 1411 2998 componens

238 3060 255 3095 a
287 3028 522 3128 dispositione
537 3027 798 3104 distribuitur¹.
829 3063 844 3092 »

248 3141 251 3147 ⁸
290 3193 306 3225 «
345 3159 521 3246 Quoniam
555 3159 721 3234 humanis
756 3160 884 3235 animis
919 3159 1234 3237 exellentissimum
1269 3152 1408 3241 bonum

236 3325 253 3361 ι
287 3292 523 3394 philosophiae
551 3298 799 3391 comparatum
829 3301 894 3388 est,
926 3300 963 3366 ut
993 3293 1056 3368 riae
1084 3318 1124 3369 ex
1154 3294 1215 3371 filo
1246 3298 1408 3394 quodam

216 3460 251 3540 ,p
285 3424 456 3525 procedat
474 3423 579 3520 ratio,
600 3447 641 3500 er
664 3424 793 3499 animae
816 3424 929 3522 ipsius
957 3425 1158 3502 efficientiis
1187 3427 1406 3506 ordiendum

235 3594 251 3628 u
285 3570 339 3636 esi
352 3554 376 3634 ⁹.
395 3594 411 3626 υ

263 3905 271 3936 ¹
295 3902 361 3953 Loro
372 3904 463 3958 citato.
479 3902 573 3966 Migne‚
589 3906 607 3950 t.
624 3902 706 3961 LlllV,
721 3902 769 3952 col.
785 3902 812 3951 ll
827 3907 854 3951 et
867 3902 906 3950 m.
921 3929 951 3937 —
965 3902 1026 3952 Hoec
1038 3916 1116 3966 quam
1136 3903 1269 3966 sapienter
1284 3904 1363 3966 dieta,
1379 3913 1405 3955 et

216 3982 372 4052 'arctissime
385 3996 444 4032 cum
457 3981 575 4031 doctrina
588 3981 801 4031 scholasticorum
815 3996 932 4031 connexa
943 3996 1021 4031 nemo
1034 3998 1085 4032 non
1099 3983 1177 4035 videt.
1194 3984 1268 4034 Hanc
1284 3984 1404 4036 scientiae

225 4061 390 4125 speculativae
402 4060 568 4124 partitionem
585 4061 679 4109 iterum
697 4062 775 4112 tradit
792 4062 908 4119 Boetius,
921 4063 953 4111 de
968 4061 1110 4124 Trinituta
1125 4078 1148 4113 o.
1163 4077 1192 4123 u,
1204 4063 1270 4113 Cum
1285 4069 1338 4113 tres
1350 4067 1403 4114 sint

224 4141 388 4205 speculativae
402 4145 497 4203 partes,
513 4158 522 4184 ι
537 4142 705 4190 nutriretis...
722 4157 800 4204 oquae
815 4143 1104 4204 rrortsiderateorporum
1114 4142 1283 4192 sor-masoum
1291 4146 1403 4193 materia

224 4229 249 4270 et
263 4226 343 4270 motu.
358 4248 388 4256 -
403 4239 413 4265 ι
430 4220 632 4277 ‚mathematica
648 4239 658 4264 ι
673 4235 730 4282 quae
743 4222 892 4284 speculatur
906 4221 1002 4269 formas
1016 4235 1153 4282 corporum
1170 4221 1226 4271 sine
1242 4222 1354 4273 materia
1371 4235 1402 4271 ae

223 4315 270 4365 per
281 4302 332 4351 hoe
345 4301 401 4351 sine
413 4305 538 4359 motu....,
554 4317 564 4346 a
580 4301 738 4363 theologico,
758 4319 767 4345 ι
783 4315 840 4362 quae
853 4301 999 4350 considerat
1010 4301 1056 4350 Dei
1068 4301 1239 4352 substantiam
1252 4303 1401 4367 separatam

223 4380 255 4428 ab
267 4381 339 4428 omni
351 4379 461 4428 materia
474 4384 500 4427 et
512 4383 594 4427 motu.
609 4379 739 4436 -Quoad
754 4379 869 4427 scientiae
882 4379 1001 4441 praetioae
1013 4380 1167 4430 divisionem
1179 4387 1285 4432 notetur
1296 4388 1400 4434 tantum

223 4458 426 4508 trancetiam—-ad
439 4472 531 4506 omnes
545 4458 714 4507 scholasticos
726 4471 756 4506 ex
769 4458 906 4507 Aristotele
919 4473 965 4521 per
979 4459 1097 4509 Boetium
1115 4461 1271 4512 dimanasse.

256 4541 267 4572 ¹
290 4537 322 4586 Iu
341 4538 474 4600 Porpltpr.
489 4551 507 4585 u
521 4551 548 4586 se
561 4537 700 4596 translat,
714 4536 759 4587 lib.
773 4537 792 4595 l,
805 4536 898 4600 lligne,
910 4542 931 4587 t.
947 4537 1032 4599 LXIV,
1047 4539 1095 4588 col.
1111 4538 1150 4590 ll.
