3240 5468
709 477 752 489 -·
775 439 840 510 tae
864 477 908 490 -

222 632 347 707 Restat
366 652 451 728 ergo
466 627 563 729 quod
579 627 673 705 bona
688 629 759 703 sint
769 652 834 727 per
847 627 1156 726 participationem.
1174 630 1235 704 Est
1251 653 1336 730 ergo
1356 629 1394 705 in

222 763 332 840 rebus
356 762 499 839 bonitas
523 760 798 856 accidentaliter,
823 798 838 832 r
861 759 1032 860 quoniam
1059 784 1102 836 ex
1124 760 1308 838 voluntate
1335 761 1397 838 Dei

221 895 401 971 fluxerunt
420 901 459 969 ut
478 903 617 991 essen13
643 902 697 970 est
720 892 827 970 etium
846 893 884 967 i'n
903 893 1006 970 nobis
1022 892 1090 968 alia
1103 892 1244 969 bonitas
1260 917 1341 993 quae
1355 918 1397 970 ex

221 1025 325 1103 bonis
353 1025 491 1102 actibus
520 1025 693 1126 provenit.
720 1025 773 1101 lta
795 1025 947 1102 Boetius.
972 1027 1206 1128 Perspicuum
1227 1034 1281 1103 est
1305 1051 1398 1127 prm-

222 1161 327 1263 cipua
349 1185 428 1261 quae
446 1161 482 1235 in
502 1161 569 1236 huc
592 1161 723 1261 scripto
744 1159 972 1236 continentur
990 1159 1114 1234 eadem
1134 1157 1299 1253 inveniri,
1325 1159 1399 1235 sive

221 1293 259 1368 in
278 1293 535 1390 Consolatione,
553 1293 628 1371 sire
642 1294 680 1369 in
699 1294 805 1370 Libro
827 1296 867 1368 tle
888 1293 1073 1387 Triennio,
1092 1291 1165 1368 sire
1179 1291 1215 1366 in
1232 1292 1398 1366 Tractatu

222 1435 349 1504 contra
370 1427 555 1526 Eutychen
572 1436 606 1503 et
621 1426 835 1503 Nestorium.
855 1426 906 1502 Sit
921 1427 956 1500 in
973 1424 1175 1525 exemplum
1189 1424 1269 1500 idea
1279 1427 1399 1525 porti-

223 1546 415 1657 oipotionic.
439 1559 573 1634 Eadem
597 1582 744 1657 prorsus
768 1559 930 1637 doctrina
958 1560 1110 1638 occurrit
1134 1559 1228 1637 circa
1255 1560 1399 1639 univer-

224 1716 349 1769 sorum
365 1717 385 1769 a
401 1692 475 1768 Deo
491 1691 802 1793 participationem
813 1694 848 1769 in
859 1694 952 1770 libro
966 1695 1144 1785 Quomodo
1159 1695 1396 1775 substantio...

223 1847 266 1901 ao
295 1825 331 1901 in
361 1825 499 1902 caeteris
525 1825 636 1903 libris.
666 1828 722 1901 hit
750 1828 847 1904 enim
876 1827 1052 1907 Boetius:
1083 1831 1207 1916 «Quae
1229 1827 1335 1928 igitur
1353 1829 1399 1905 ad

224 1957 359 2032 bonum
385 1957 535 2033 tendunt
556 1958 650 2032 bona
673 1957 752 2057 ipsa
776 1967 870 2059 sunt,
896 1948 958 2039 sed
983 1963 1285 2064 quemadmodum
1305 1963 1399 2041 bona

224 2089 310 2184 sint,
340 2088 596 2188 inquirendum
623 2098 687 2185 est,
717 2102 884 2172 utrumne
913 2094 1194 2196 participatione,
1221 2118 1266 2170 an
1293 2095 1397 2171 subs-

227 2222 390 2297 tantia¹?
423 2260 438 2294 c
470 2225 510 2298 In
543 2225 789 2300 Consolatione
821 2227 949 2302 eadem
981 2228 1093 2304 utitur
1125 2230 1400 2327 argumentandi

225 2355 368 2431 ratione
393 2388 401 2432 :
431 2391 445 2424 r
470 2355 596 2431 Omnis
616 2355 724 2455 igitur
742 2356 867 2434 beatus
886 2360 994 2455 Dens,
1016 2359 1077 2436 sed
1102 2370 1232 2437 natura
1253 2359 1400 2458 quidem

226 2515 334 2590 arnus,
360 2491 634 2592 participatione
657 2516 742 2570 vero
765 2490 854 2566 nihil
877 2491 1041 2593 prohihet
1065 2518 1144 2570 esse
1173 2516 1283 2593 qnam
1316 2492 1401 2593 plu-

225 2623 370 2704 rim0s2.
384 2658 404 2696 »
423 2625 612 2702 Summum
627 2628 775 2720 bonum,
792 2625 840 2699 ait
856 2624 1011 2722 Baetim,
1029 2633 1083 2702 est
1099 2650 1233 2703 unum:
1254 2663 1270 2694 ιι
1288 2651 1402 2701 unum

226 2756 324 2833 enim
336 2756 525 2856 solumque
535 2763 588 2833 est
599 2757 925 2857 hujusmodi,quod
937 2765 1078 2834 tantum
1088 2758 1402 2858 bonumaliudque

227 2888 316 2964 nihil
341 2889 386 2964 sit
398 2885 422 2965 ³.
451 2921 467 2954 r
495 2891 630 2967 Eadem
653 2892 841 2992 profitetur
860 2890 896 2966 in
918 2892 1192 2969 Consolatione:
1217 2893 1404 2992 «Oportet

227 3023 336 3123 igitur
360 3022 456 3099 idem
484 3048 562 3100 esse
587 3047 703 3099 unum
728 3031 835 3123 atque
857 3024 991 3100 bonum
1021 3025 1128 3099 simili
1153 3024 1291 3100 ratione
1316 3048 1403 3100 con·

228 3154 382 3255 aedas⁴3
407 3195 422 3229 a
446 3164 481 3234 et
496 3157 533 3232 in
548 3157 640 3233 lihro
655 3159 696 3232 rte
712 3157 752 3233 S.
776 3157 948 3235 Trinitate
968 3191 979 3234 .·
1004 3197 1019 3230 a
1042 3159 1216 3246 Quocirca
1235 3158 1302 3235 hoc
1321 3158 1403 3234 rere

229 3312 343 3365 unum
362 3289 489 3389 inquo
509 3290 629 3365 nullus
650 3299 701 3367 est
721 3315 904 3388 numerus,
920 3290 1062 3367 nullum
1083 3291 1119 3366 in
1138 3315 1180 3367 eo
1200 3290 1296 3365 aliud
1313 3313 1403 3389 prac-

231 3431 397 3521 terquam
424 3420 461 3496 id
484 3423 580 3521 quod
604 3420 699 3520 est⁵3
731 3458 746 3490 c
775 3447 815 3500 ac
843 3423 988 3500 demum
1012 3423 1050 3497 in
1077 3421 1249 3522 opusculo
1276 3424 1403 3497 Utrum

230 3558 375 3633 Potor...
394 3554 438 3631 de
458 3555 532 3631 Deo
549 3554 677 3654 legitur
698 3583 705 3628 :
732 3595 747 3625 a
771 3579 845 3631 una
865 3555 971 3655 igitur
992 3554 1190 3630 substantia
1210 3553 1317 3629 trium
1339 3577 1404 3630 nee

230 3687 389 3787 separari
412 3686 483 3762 ullo
506 3687 613 3764 modo
633 3697 694 3764 aut
713 3689 868 3788 disjungi
889 3697 1018 3789 potest,
1038 3712 1103 3764 neo
1126 3688 1224 3764 velut
1243 3686 1404 3786 partibus

230 3819 268 3896 in
291 3844 403 3896 unum
424 3821 614 3919 conjuncta
636 3828 701 3921 est,
720 3821 781 3897 sed
801 3828 857 3898 est
882 3843 953 3917 una
978 3816 1220 3921 simplicitati.
1246 3851 1265 3888 a
1289 3823 1405 3908 Quam

266 4131 276 4165 ¹
300 4128 436 4188 Quomodo
446 4128 541 4190 cubat,
554 4127 658 4193 Peiper,
671 4127 727 4181 170.

264 4212 277 4245 ¹
300 4210 388 4274 Cone,
402 4209 445 4273 Ill,
459 4224 498 4273 pr.
513 4207 553 4261 10.

266 4292 278 4328 ⁵
300 4289 436 4351 Quomodo
447 4290 542 4351 subet,
553 4288 657 4354 Peiper‚
670 4304 695 4354 p.
709 4286 762 4340 ΠΙ.

265 4375 279 4409 ⁴
301 4373 388 4432 Cone„
399 4370 445 4431 Ill,
457 4386 483 4434 p.
496 4370 536 4420 ll.

268 4457 280 4490 ὓ
300 4455 340 4503 De
353 4451 461 4511 Trinit.,
471 4450 576 4515 Peiper,
587 4450 644 4504 153.

268 4537 280 4571 ⁶
305 4533 405 4584 Utrum
416 4530 510 4596 Pater,
525 4530 695 4597 Peipec,165.
