<?xml version="1.0" encoding="UTF-8"?>
<!DOCTYPE html PUBLIC "-//W3C//DTD XHTML 1.0 Transitional//EN"
    "http://www.w3.org/TR/xhtml1/DTD/xhtml1-transitional.dtd">
<html xmlns="http://www.w3.org/1999/xhtml" xml:lang="en" lang="en">
 <head>
  <title>
</title>
<meta http-equiv="Content-Type" content="text/html;charset=utf-8" />
  <meta name='ocr-system' content='tesseract 3.04.00' />
  <meta name='ocr-capabilities' content='ocr_page ocr_carea ocr_par ocr_line ocrx_word'/>
</head>
<body>
  <div class='ocr_page' id='page_1' title='image "./deamseverinoboe00bourgoog_0100.png"; bbox 0 0 3240 5468; ppageno 0'>
   <div class='ocr_carea' id='block_1_1' title="bbox 659 456 836 524">
    <p class='ocr_par' dir='ltr' id='par_1_1' title="bbox 659 456 836 524">
     <span class='ocr_line' id='line_1_1' title="bbox 659 456 836 524; baseline 0.006 -18"><span class='ocrx_word' id='word_1_1' title='bbox 659 456 836 524; x_wconf 68' lang='lat' dir='ltr'><strong>..gg-</strong></span> 
     </span>
    </p>
   </div>
   <div class='ocr_carea' id='block_1_2' title="bbox 146 646 1355 4344">
    <p class='ocr_par' dir='ltr' id='par_1_2' title="bbox 146 646 1198 749">
     <span class='ocr_line' id='line_1_2' title="bbox 146 646 1198 749; baseline -0.006 -21"><span class='ocrx_word' id='word_1_2' title='bbox 146 670 149 677; x_wconf 86' lang='grc'><strong><em>·</em></strong></span> <span class='ocrx_word' id='word_1_3' title='bbox 189 656 192 663; x_wconf 86' lang='grc'><strong>’</strong></span> <span class='ocrx_word' id='word_1_4' title='bbox 217 653 306 727; x_wconf 91' lang='lat' dir='ltr'><strong>Tum</strong></span> <span class='ocrx_word' id='word_1_5' title='bbox 323 649 439 728; x_wconf 87' lang='lat' dir='ltr'><strong>varias</strong></span> <span class='ocrx_word' id='word_1_6' title='bbox 458 649 587 726; x_wconf 79' lang='lat' dir='ltr'><strong>animae</strong></span> <span class='ocrx_word' id='word_1_7' title='bbox 606 647 783 749; x_wconf 74' lang='lat' dir='ltr'>potentias</span> <span class='ocrx_word' id='word_1_8' title='bbox 798 646 848 724; x_wconf 89' lang='lat' dir='ltr'><strong>ita</strong></span> <span class='ocrx_word' id='word_1_9' title='bbox 864 646 1015 747; x_wconf 90' lang='lat' dir='ltr'><strong>partitur</strong></span> <span class='ocrx_word' id='word_1_10' title='bbox 1030 647 1173 725; x_wconf 90' lang='lat' dir='ltr'><strong>Boetius</strong></span> <span class='ocrx_word' id='word_1_11' title='bbox 1191 679 1198 722; x_wconf 93' lang='lat'><strong>:</strong></span> 
     </span>
    </p>

    <p class='ocr_par' dir='ltr' id='par_1_3' title="bbox 164 780 1334 1393">
     <span class='ocr_line' id='line_1_3' title="bbox 218 780 1334 886; baseline 0.001 -26"><span class='ocrx_word' id='word_1_12' title='bbox 218 817 235 851; x_wconf 72' lang='grc' dir='ltr'><strong>α</strong></span> <span class='ocrx_word' id='word_1_13' title='bbox 270 783 409 884; x_wconf 83' lang='lat' dir='ltr'>Triplex</span> <span class='ocrx_word' id='word_1_14' title='bbox 435 781 582 859; x_wconf 90' lang='lat' dir='ltr'><strong>omnino</strong></span> <span class='ocrx_word' id='word_1_15' title='bbox 606 781 735 856; x_wconf 89' lang='lat' dir='ltr'><strong>animae</strong></span> <span class='ocrx_word' id='word_1_16' title='bbox 759 780 811 856; x_wconf 93' lang='lat' dir='ltr'><strong>vis</strong></span> <span class='ocrx_word' id='word_1_17' title='bbox 835 780 870 855; x_wconf 93' lang='lat' dir='ltr'><strong>in</strong></span> <span class='ocrx_word' id='word_1_18' title='bbox 897 781 1103 878; x_wconf 76' lang='lat' dir='ltr'>vegetandis</span> <span class='ocrx_word' id='word_1_19' title='bbox 1126 781 1334 886; x_wconf 82' lang='lat' dir='ltr'>corporibus</span> 
     </span>
     <span class='ocr_line' id='line_1_4' title="bbox 165 914 1334 1018; baseline 0.004 -31"><span class='ocrx_word' id='word_1_20' title='bbox 165 954 182 987; x_wconf 81' lang='grc'><strong>»</strong></span> <span class='ocrx_word' id='word_1_21' title='bbox 214 916 507 1018; x_wconf 82' lang='lat' dir='ltr'><strong>deprehenditur.</strong></span> <span class='ocrx_word' id='word_1_22' title='bbox 547 919 705 1002; x_wconf 81' lang='lat' dir='ltr'><strong>Quarum</strong></span> <span class='ocrx_word' id='word_1_23' title='bbox 741 936 813 990; x_wconf 89' lang='lat' dir='ltr'><strong>una</strong></span> <span class='ocrx_word' id='word_1_24' title='bbox 849 914 995 1012; x_wconf 86' lang='lat' dir='ltr'><strong>quidem</strong></span> <span class='ocrx_word' id='word_1_25' title='bbox 1031 914 1139 992; x_wconf 91' lang='lat' dir='ltr'><strong>vitam</strong></span> <span class='ocrx_word' id='word_1_26' title='bbox 1173 916 1334 1017; x_wconf 88' lang='lat' dir='ltr'><strong>corporis</strong></span> 
     </span>
     <span class='ocr_line' id='line_1_5' title="bbox 165 1041 1331 1148; baseline 0.003 -27"><span class='ocrx_word' id='word_1_27' title='bbox 165 1085 181 1121; x_wconf 65' lang='lat' dir='ltr'><strong>s</strong></span> <span class='ocrx_word' id='word_1_28' title='bbox 213 1051 473 1144; x_wconf 72' lang='lat' dir='ltr'><strong>subministrat,</strong></span> <span class='ocrx_word' id='word_1_29' title='bbox 496 1059 533 1124; x_wconf 92' lang='lat' dir='ltr'><strong>ut</strong></span> <span class='ocrx_word' id='word_1_30' title='bbox 549 1041 903 1144; x_wconf 73' lang='lat' dir='ltr'><strong>nascendo&#39;crescat,</strong></span> <span class='ocrx_word' id='word_1_31' title='bbox 925 1048 1129 1148; x_wconf 75' lang='lat' dir='ltr'><strong>alendoque</strong></span> <span class='ocrx_word' id='word_1_32' title='bbox 1149 1049 1331 1127; x_wconf 90' lang='lat' dir='ltr'><strong>subsistat.</strong></span> 
     </span>
     <span class='ocr_line' id='line_1_6' title="bbox 164 1179 1332 1280; baseline 0.005 -27"><span class='ocrx_word' id='word_1_33' title='bbox 164 1217 182 1253; x_wconf 73' lang='grc' dir='ltr'><strong><em>ι</em></strong></span> <span class='ocrx_word' id='word_1_34' title='bbox 214 1182 290 1258; x_wconf 78' lang='lat' dir='ltr'><strong>hlia</strong></span> <span class='ocrx_word' id='word_1_35' title='bbox 304 1205 388 1259; x_wconf 91' lang='lat' dir='ltr'><strong>vero</strong></span> <span class='ocrx_word' id='word_1_36' title='bbox 403 1181 578 1258; x_wconf 85' lang='lat' dir='ltr'><strong>sentiendi</strong></span> <span class='ocrx_word' id='word_1_37' title='bbox 593 1179 766 1280; x_wconf 84' lang='lat' dir='ltr'><strong>judicium</strong></span> <span class='ocrx_word' id='word_1_38' title='bbox 784 1181 926 1279; x_wconf 81' lang='lat' dir='ltr'><strong>praehet.</strong></span> <span class='ocrx_word' id='word_1_39' title='bbox 947 1180 1064 1256; x_wconf 87' lang='lat' dir='ltr'><strong>Tertia</strong></span> <span class='ocrx_word' id='word_1_40' title='bbox 1083 1180 1118 1259; x_wconf 94' lang='lat' dir='ltr'><strong>vi</strong></span> <span class='ocrx_word' id='word_1_41' title='bbox 1141 1181 1270 1258; x_wconf 86' lang='lat' dir='ltr'><strong>mentis</strong></span> <span class='ocrx_word' id='word_1_42' title='bbox 1296 1193 1332 1259; x_wconf 89' lang='lat' dir='ltr'><strong>et</strong></span> 
     </span>
     <span class='ocr_line' id='line_1_7' title="bbox 164 1315 636 1393; baseline -0.011 0"><span class='ocrx_word' id='word_1_43' title='bbox 164 1351 182 1387; x_wconf 78' lang='grc' dir='ltr'><strong><em>ι</em></strong></span> <span class='ocrx_word' id='word_1_44' title='bbox 212 1316 350 1393; x_wconf 86' lang='lat' dir='ltr'><strong>ratione</strong></span> <span class='ocrx_word' id='word_1_45' title='bbox 366 1315 517 1391; x_wconf 87' lang='lat' dir='ltr'><strong>subnixa</strong></span> <span class='ocrx_word' id='word_1_46' title='bbox 534 1325 598 1390; x_wconf 89' lang='lat' dir='ltr'><strong>est.</strong></span> <span class='ocrx_word' id='word_1_47' title='bbox 621 1349 636 1380; x_wconf 86' lang='lat'>»</span> 
     </span>
    </p>

    <p class='ocr_par' dir='ltr' id='par_1_4' title="bbox 160 1446 1333 1814">
     <span class='ocr_line' id='line_1_8' title="bbox 216 1446 1333 1552; baseline -0.001 -26"><span class='ocrx_word' id='word_1_48' title='bbox 216 1452 315 1527; x_wconf 89' lang='lat' dir='ltr'><strong>Hanc</strong></span> <span class='ocrx_word' id='word_1_49' title='bbox 335 1449 563 1552; x_wconf 89' lang='lat' dir='ltr'><strong>partitionem</strong></span> <span class='ocrx_word' id='word_1_50' title='bbox 581 1449 860 1524; x_wconf 86' lang='lat' dir='ltr'><strong>observaverunt</strong></span> <span class='ocrx_word' id='word_1_51' title='bbox 875 1446 1076 1524; x_wconf 71' lang='lat' dir='ltr'><strong>scholastici</strong></span> <span class='ocrx_word' id='word_1_52' title='bbox 1094 1471 1230 1546; x_wconf 85' lang='lat' dir='ltr'><strong>omnes,</strong></span> <span class='ocrx_word' id='word_1_53' title='bbox 1248 1448 1333 1525; x_wconf 91' lang='lat' dir='ltr'><strong>dum</strong></span> 
     </span>
     <span class='ocr_line' id='line_1_9' title="bbox 162 1579 1332 1684; baseline 0.001 -26"><span class='ocrx_word' id='word_1_54' title='bbox 162 1583 340 1684; x_wconf 81' lang='lat' dir='ltr'><strong>potentias</strong></span> <span class='ocrx_word' id='word_1_55' title='bbox 370 1580 598 1680; x_wconf 80' lang='lat' dir='ltr'><strong>vegetativos,</strong></span> <span class='ocrx_word' id='word_1_56' title='bbox 625 1579 810 1657; x_wconf 87' lang='lat' dir='ltr'><strong>sensitivus</strong></span> <span class='ocrx_word' id='word_1_57' title='bbox 838 1588 872 1656; x_wconf 86' lang='lat' dir='ltr'><strong>ot</strong></span> <span class='ocrx_word' id='word_1_58' title='bbox 897 1579 1130 1657; x_wconf 86' lang='lat' dir='ltr'><strong>intellectivas</strong></span> <span class='ocrx_word' id='word_1_59' title='bbox 1151 1581 1188 1658; x_wconf 95' lang='lat' dir='ltr'><strong>in</strong></span> <span class='ocrx_word' id='word_1_60' title='bbox 1213 1581 1332 1659; x_wconf 87' lang='lat' dir='ltr'><strong>anima</strong></span> 
     </span>
     <span class='ocr_line' id='line_1_10' title="bbox 160 1715 544 1814; baseline -0.016 -24"><span class='ocrx_word' id='word_1_61' title='bbox 160 1715 320 1791; x_wconf 86' lang='lat' dir='ltr'><strong>humana</strong></span> <span class='ocrx_word' id='word_1_62' title='bbox 335 1721 544 1814; x_wconf 88' lang='lat' dir='ltr'><strong>posuerunt.</strong></span> 
     </span>
    </p>

    <p class='ocr_par' dir='ltr' id='par_1_5' title="bbox 164 1846 1335 2474">
     <span class='ocr_line' id='line_1_11' title="bbox 213 1846 1333 1948; baseline 0.001 -25"><span class='ocrx_word' id='word_1_63' title='bbox 213 1847 427 1948; x_wconf 83' lang='lat' dir='ltr'><strong>Vegetativae</strong></span> <span class='ocrx_word' id='word_1_64' title='bbox 451 1847 564 1947; x_wconf 87' lang='lat' dir='ltr'><strong>partis</strong></span> <span class='ocrx_word' id='word_1_65' title='bbox 588 1874 601 1908; x_wconf 78' lang='lat' dir='ltr'><strong>v</strong></span> <span class='ocrx_word' id='word_1_66' title='bbox 621 1846 779 1922; x_wconf 76' lang='lat' dir='ltr'><strong>cilicium</strong></span> <span class='ocrx_word' id='word_1_67' title='bbox 802 1859 855 1922; x_wconf 89' lang='lat' dir='ltr'><strong>est</strong></span> <span class='ocrx_word' id='word_1_68' title='bbox 874 1853 912 1921; x_wconf 94' lang='lat' dir='ltr'><strong>ut</strong></span> <span class='ocrx_word' id='word_1_69' title='bbox 928 1847 1103 1945; x_wconf 80' lang='lat' dir='ltr'><strong>creandis,</strong></span> <span class='ocrx_word' id='word_1_70' title='bbox 1120 1847 1333 1947; x_wconf 87' lang='lat' dir='ltr'><strong>nutriendis,</strong></span> 
     </span>
     <span class='ocr_line' id='line_1_12' title="bbox 165 1979 1334 2082; baseline 0.002 -29"><span class='ocrx_word' id='word_1_71' title='bbox 165 2020 180 2053; x_wconf 70' lang='lat' dir='ltr'><strong>s</strong></span> <span class='ocrx_word' id='word_1_72' title='bbox 212 1980 421 2078; x_wconf 88' lang='lat' dir='ltr'><strong>alendisque</strong></span> <span class='ocrx_word' id='word_1_73' title='bbox 448 1979 658 2080; x_wconf 89' lang='lat' dir='ltr'><strong>corporibus</strong></span> <span class='ocrx_word' id='word_1_74' title='bbox 683 1987 811 2079; x_wconf 89' lang='lat' dir='ltr'><strong>praesto</strong></span> <span class='ocrx_word' id='word_1_75' title='bbox 834 1979 893 2076; x_wconf 85' lang='lat' dir='ltr'><strong>sit,</strong></span> <span class='ocrx_word' id='word_1_76' title='bbox 918 1979 1058 2055; x_wconf 92' lang='lat' dir='ltr'><strong>nullum</strong></span> <span class='ocrx_word' id='word_1_77' title='bbox 1082 2005 1166 2057; x_wconf 90' lang='lat' dir='ltr'><strong>vero</strong></span> <span class='ocrx_word' id='word_1_78' title='bbox 1191 1987 1334 2082; x_wconf 83' lang='lat' dir='ltr'><strong>praestet</strong></span> 
     </span>
     <span class='ocr_line' id='line_1_13' title="bbox 166 2113 1335 2213; baseline -0.002 -21"><span class='ocrx_word' id='word_1_79' title='bbox 166 2137 189 2184; x_wconf 76' lang='lat' dir='ltr'><strong>v·</strong></span> <span class='ocrx_word' id='word_1_80' title='bbox 215 2114 361 2192; x_wconf 90' lang='lat' dir='ltr'><strong>rationis</strong></span> <span class='ocrx_word' id='word_1_81' title='bbox 386 2138 557 2190; x_wconf 88' lang='lat' dir='ltr'><strong>sensusve</strong></span> <span class='ocrx_word' id='word_1_82' title='bbox 584 2113 770 2213; x_wconf 87' lang='lat' dir='ltr'><strong>judicium.</strong></span> <span class='ocrx_word' id='word_1_83' title='bbox 795 2114 879 2190; x_wconf 85' lang='lat' dir='ltr'><strong>Haec</strong></span> <span class='ocrx_word' id='word_1_84' title='bbox 904 2121 1024 2202; x_wconf 89' lang='lat' dir='ltr'><strong>autern</strong></span> <span class='ocrx_word' id='word_1_85' title='bbox 1055 2124 1108 2190; x_wconf 91' lang='lat' dir='ltr'><strong>est</strong></span> <span class='ocrx_word' id='word_1_86' title='bbox 1142 2113 1335 2192; x_wconf 88' lang='lat' dir='ltr'><strong>herbarum</strong></span> 
     </span>
     <span class='ocr_line' id='line_1_14' title="bbox 165 2245 1335 2346; baseline 0.004 -29"><span class='ocrx_word' id='word_1_87' title='bbox 165 2283 180 2317; x_wconf 68' lang='lat' dir='ltr'><strong>a</strong></span> <span class='ocrx_word' id='word_1_88' title='bbox 213 2256 321 2346; x_wconf 89' lang='lat' dir='ltr'><strong>atque</strong></span> <span class='ocrx_word' id='word_1_89' title='bbox 362 2247 530 2322; x_wconf 89' lang='lat' dir='ltr'><strong>arhorurn</strong></span> <span class='ocrx_word' id='word_1_90' title='bbox 575 2255 609 2322; x_wconf 87' lang='lat' dir='ltr'><strong>et</strong></span> <span class='ocrx_word' id='word_1_91' title='bbox 642 2246 815 2344; x_wconf 89' lang='lat' dir='ltr'><strong>quidquid</strong></span> <span class='ocrx_word' id='word_1_92' title='bbox 849 2257 951 2320; x_wconf 88' lang='lat' dir='ltr'><strong>terrae</strong></span> <span class='ocrx_word' id='word_1_93' title='bbox 984 2245 1156 2322; x_wconf 90' lang='lat' dir='ltr'><strong>radicitus</strong></span> <span class='ocrx_word' id='word_1_94' title='bbox 1189 2245 1335 2322; x_wconf 85' lang='lat' dir='ltr'><strong>affixum</strong></span> 
     </span>
     <span class='ocr_line' id='line_1_15' title="bbox 164 2376 913 2474; baseline 0.009 -25"><span class='ocrx_word' id='word_1_95' title='bbox 164 2417 182 2449; x_wconf 65' lang='lat' dir='ltr'><strong>a</strong></span> <span class='ocrx_word' id='word_1_96' title='bbox 215 2376 425 2458; x_wconf 66' lang='lat' dir='ltr'><strong>renotuit»</strong></span> <span class='ocrx_word' id='word_1_97' title='bbox 910 2470 913 2474; x_wconf 16' lang='lat'><strong>⁴</strong></span> 
     </span>
    </p>

    <p class='ocr_par' dir='ltr' id='par_1_6' title="bbox 165 2511 1341 3412">
     <span class='ocr_line' id='line_1_16' title="bbox 209 2511 1336 2613; baseline -0.005 -23"><span class='ocrx_word' id='word_1_98' title='bbox 209 2517 298 2590; x_wconf 82' lang='lat' dir='ltr'><strong>&#39;Haec</strong></span> <span class='ocrx_word' id='word_1_99' title='bbox 318 2514 362 2590; x_wconf 97' lang='lat' dir='ltr'><strong>de</strong></span> <span class='ocrx_word' id='word_1_100' title='bbox 383 2512 549 2590; x_wconf 86' lang='lat' dir='ltr'><strong>sensitiva</strong></span> <span class='ocrx_word' id='word_1_101' title='bbox 577 2520 679 2613; x_wconf 87' lang='lat' dir='ltr'><strong>parte</strong></span> <span class='ocrx_word' id='word_1_102' title='bbox 702 2512 975 2613; x_wconf 85' lang='lat' dir='ltr'><strong>diligentissime</strong></span> <span class='ocrx_word' id='word_1_103' title='bbox 997 2511 1140 2588; x_wconf 88' lang='lat' dir='ltr'><strong>disserit</strong></span> <span class='ocrx_word' id='word_1_104' title='bbox 1159 2511 1301 2588; x_wconf 89' lang='lat' dir='ltr'><strong>Boetius</strong></span> <span class='ocrx_word' id='word_1_105' title='bbox 1328 2540 1336 2584; x_wconf 93' lang='lat'>:</span> 
     </span>
     <span class='ocr_line' id='line_1_17' title="bbox 165 2644 1339 2747; baseline 0 -26"><span class='ocrx_word' id='word_1_106' title='bbox 165 2677 179 2712; x_wconf 70' lang='grc' dir='ltr'><strong>ε</strong></span> <span class='ocrx_word' id='word_1_107' title='bbox 213 2647 378 2724; x_wconf 86' lang='lat' dir='ltr'><strong>Secunda</strong></span> <span class='ocrx_word' id='word_1_108' title='bbox 394 2671 477 2722; x_wconf 90' lang='lat' dir='ltr'><strong>vero</strong></span> <span class='ocrx_word' id='word_1_109' title='bbox 496 2646 693 2746; x_wconf 87' lang='lat' dir='ltr'><strong>composita</strong></span> <span class='ocrx_word' id='word_1_110' title='bbox 715 2657 822 2746; x_wconf 86' lang='lat' dir='ltr'><strong>atque</strong></span> <span class='ocrx_word' id='word_1_111' title='bbox 841 2649 1030 2746; x_wconf 85' lang='lat' dir='ltr'><strong>conjuncta</strong></span> <span class='ocrx_word' id='word_1_112' title='bbox 1051 2656 1116 2742; x_wconf 87' lang='lat' dir='ltr'><strong>est,</strong></span> <span class='ocrx_word' id='word_1_113' title='bbox 1134 2655 1169 2722; x_wconf 88' lang='lat' dir='ltr'><strong>et</strong></span> <span class='ocrx_word' id='word_1_114' title='bbox 1184 2644 1339 2747; x_wconf 87' lang='lat' dir='ltr'><strong>primam</strong></span> 
     </span>
     <span class='ocr_line' id='line_1_18' title="bbox 165 2777 1341 2879; baseline -0.001 -27"><span class='ocrx_word' id='word_1_115' title='bbox 165 2820 180 2852; x_wconf 80' lang='grc'>»</span> <span class='ocrx_word' id='word_1_116' title='bbox 212 2780 280 2856; x_wconf 94' lang='lat' dir='ltr'><strong>sibi</strong></span> <span class='ocrx_word' id='word_1_117' title='bbox 301 2804 447 2856; x_wconf 87' lang='lat' dir='ltr'><strong>sumens</strong></span> <span class='ocrx_word' id='word_1_118' title='bbox 468 2786 503 2856; x_wconf 91' lang='lat' dir='ltr'><strong>et</strong></span> <span class='ocrx_word' id='word_1_119' title='bbox 522 2780 559 2855; x_wconf 93' lang='lat' dir='ltr'><strong>in</strong></span> <span class='ocrx_word' id='word_1_120' title='bbox 581 2787 718 2879; x_wconf 88' lang='lat' dir='ltr'><strong>partem</strong></span> <span class='ocrx_word' id='word_1_121' title='bbox 738 2778 972 2875; x_wconf 85' lang='lat' dir='ltr'><strong>constituens,</strong></span> <span class='ocrx_word' id='word_1_122' title='bbox 994 2779 1132 2854; x_wconf 87' lang='lat' dir='ltr'><strong>varium</strong></span> <span class='ocrx_word' id='word_1_123' title='bbox 1153 2801 1194 2854; x_wconf 88' lang='lat' dir='ltr'><strong>ae</strong></span> <span class='ocrx_word' id='word_1_124' title='bbox 1214 2777 1341 2854; x_wconf 87' lang='lat' dir='ltr'><strong>multi-</strong></span> 
     </span>
     <span class='ocr_line' id='line_1_19' title="bbox 166 2912 1338 3013; baseline 0.003 -31"><span class='ocrx_word' id='word_1_125' title='bbox 166 2950 182 2982; x_wconf 77' lang='lat'>„</span> <span class='ocrx_word' id='word_1_126' title='bbox 214 2914 326 2990; x_wconf 81' lang='lat' dir='ltr'><strong>forme</strong></span> <span class='ocrx_word' id='word_1_127' title='bbox 347 2913 522 3013; x_wconf 84' lang='lat' dir='ltr'><strong>judicium</strong></span> <span class='ocrx_word' id='word_1_128' title='bbox 546 2913 651 3013; x_wconf 79' lang='lat' dir='ltr'><strong>capit,</strong></span> <span class='ocrx_word' id='word_1_129' title='bbox 681 2912 880 3012; x_wconf 87' lang='lat' dir='ltr'><strong>dequibus</strong></span> <span class='ocrx_word' id='word_1_130' title='bbox 910 2936 1036 3013; x_wconf 88' lang='lat' dir='ltr'><strong>capere</strong></span> <span class='ocrx_word' id='word_1_131' title='bbox 1065 2920 1195 3012; x_wconf 88' lang='lat' dir='ltr'><strong>potest.</strong></span> <span class='ocrx_word' id='word_1_132' title='bbox 1224 2913 1338 2986; x_wconf 86' lang='lat' dir='ltr'><strong>Omne</strong></span> 
     </span>
     <span class='ocr_line' id='line_1_20' title="bbox 165 3044 1339 3147; baseline -0.003 -25"><span class='ocrx_word' id='word_1_133' title='bbox 165 3082 182 3114; x_wconf 82' lang='lat'>»</span> <span class='ocrx_word' id='word_1_134' title='bbox 214 3046 310 3122; x_wconf 88' lang='lat' dir='ltr'><strong>enirn</strong></span> <span class='ocrx_word' id='word_1_135' title='bbox 343 3045 473 3122; x_wconf 88' lang='lat' dir='ltr'><strong>animal</strong></span> <span class='ocrx_word' id='word_1_136' title='bbox 505 3047 602 3147; x_wconf 93' lang='lat' dir='ltr'><strong>quod</strong></span> <span class='ocrx_word' id='word_1_137' title='bbox 636 3071 762 3121; x_wconf 84' lang='lat' dir='ltr'><strong>sensus</strong></span> <span class='ocrx_word' id='word_1_138' title='bbox 787 3046 881 3145; x_wconf 81' lang='lat' dir='ltr'><strong>vigit,</strong></span> <span class='ocrx_word' id='word_1_139' title='bbox 913 3045 1009 3120; x_wconf 86' lang='lat' dir='ltr'><strong>idern</strong></span> <span class='ocrx_word' id='word_1_140' title='bbox 1040 3053 1075 3122; x_wconf 91' lang='lat' dir='ltr'><strong>et</strong></span> <span class='ocrx_word' id='word_1_141' title='bbox 1103 3044 1274 3140; x_wconf 88' lang='lat' dir='ltr'><strong>nascitur,</strong></span> <span class='ocrx_word' id='word_1_142' title='bbox 1304 3054 1339 3121; x_wconf 89' lang='lat' dir='ltr'><strong>et</strong></span> 
     </span>
     <span class='ocr_line' id='line_1_21' title="bbox 165 3177 1336 3278; baseline 0.001 -23"><span class='ocrx_word' id='word_1_143' title='bbox 165 3213 181 3244; x_wconf 70' lang='lat' dir='ltr'><strong>v</strong></span> <span class='ocrx_word' id='word_1_144' title='bbox 214 3180 367 3256; x_wconf 89' lang='lat' dir='ltr'><strong>nutritur</strong></span> <span class='ocrx_word' id='word_1_145' title='bbox 392 3187 426 3254; x_wconf 88' lang='lat' dir='ltr'><strong>et</strong></span> <span class='ocrx_word' id='word_1_146' title='bbox 451 3179 568 3258; x_wconf 90' lang='lat' dir='ltr'><strong>alitur.</strong></span> <span class='ocrx_word' id='word_1_147' title='bbox 590 3181 724 3255; x_wconf 83' lang='lat' dir='ltr'><strong>Sensus</strong></span> <span class='ocrx_word' id='word_1_148' title='bbox 743 3203 827 3255; x_wconf 88' lang='lat' dir='ltr'><strong>vero</strong></span> <span class='ocrx_word' id='word_1_149' title='bbox 847 3177 978 3256; x_wconf 89' lang='lat' dir='ltr'><strong>diversi</strong></span> <span class='ocrx_word' id='word_1_150' title='bbox 994 3186 1087 3278; x_wconf 84' lang='lat' dir='ltr'><strong>sunt,</strong></span> <span class='ocrx_word' id='word_1_151' title='bbox 1108 3187 1143 3255; x_wconf 90' lang='lat' dir='ltr'><strong>et</strong></span> <span class='ocrx_word' id='word_1_152' title='bbox 1158 3180 1273 3278; x_wconf 89' lang='lat' dir='ltr'><strong>usque</strong></span> <span class='ocrx_word' id='word_1_153' title='bbox 1290 3178 1336 3256; x_wconf 92' lang='lat' dir='ltr'><strong>ad</strong></span> 
     </span>
     <span class='ocr_line' id='line_1_22' title="bbox 167 3312 849 3412; baseline -0.001 -25"><span class='ocrx_word' id='word_1_154' title='bbox 167 3347 182 3378; x_wconf 73' lang='lat' dir='ltr'><strong>n</strong></span> <span class='ocrx_word' id='word_1_155' title='bbox 216 3312 420 3412; x_wconf 83' lang='lat' dir='ltr'><strong>quinarium</strong></span> <span class='ocrx_word' id='word_1_156' title='bbox 439 3335 632 3388; x_wconf 86' lang='lat' dir='ltr'><strong>numerum</strong></span> <span class='ocrx_word' id='word_1_157' title='bbox 649 3314 811 3390; x_wconf 91' lang='lat' dir='ltr'><strong>tendunt.</strong></span> <span class='ocrx_word' id='word_1_158' title='bbox 835 3344 849 3376; x_wconf 81' lang='lat' dir='ltr'><strong>v</strong></span> 
     </span>
    </p>

    <p class='ocr_par' dir='ltr' id='par_1_7' title="bbox 160 3445 1355 4344">
     <span class='ocr_line' id='line_1_23' title="bbox 214 3445 1337 3545; baseline -0.001 -24"><span class='ocrx_word' id='word_1_159' title='bbox 214 3449 299 3534; x_wconf 83' lang='lat' dir='ltr'><strong>Quae</strong></span> <span class='ocrx_word' id='word_1_160' title='bbox 324 3446 368 3520; x_wconf 89' lang='lat' dir='ltr'><strong>de</strong></span> <span class='ocrx_word' id='word_1_161' title='bbox 393 3445 564 3523; x_wconf 88' lang='lat' dir='ltr'><strong>sensitiva</strong></span> <span class='ocrx_word' id='word_1_162' title='bbox 587 3447 788 3545; x_wconf 82' lang='lat' dir='ltr'><strong>cognitione</strong></span> <span class='ocrx_word' id='word_1_163' title='bbox 807 3445 934 3521; x_wconf 89' lang='lat' dir='ltr'><strong>asserit</strong></span> <span class='ocrx_word' id='word_1_164' title='bbox 953 3445 1098 3522; x_wconf 87' lang='lat' dir='ltr'><strong>Boetius</strong></span> <span class='ocrx_word' id='word_1_165' title='bbox 1120 3447 1165 3522; x_wconf 91' lang='lat' dir='ltr'><strong>ad</strong></span> <span class='ocrx_word' id='word_1_166' title='bbox 1185 3447 1337 3523; x_wconf 85' lang='lat' dir='ltr'><strong>exactis-</strong></span> 
     </span>
     <span class='ocr_line' id='line_1_24' title="bbox 161 3577 1349 3679; baseline 0.001 -25"><span class='ocrx_word' id='word_1_167' title='bbox 161 3579 291 3654; x_wconf 89' lang='lat' dir='ltr'><strong>sirnam</strong></span> <span class='ocrx_word' id='word_1_168' title='bbox 306 3578 461 3654; x_wconf 89' lang='lat' dir='ltr'><strong>veritatis</strong></span> <span class='ocrx_word' id='word_1_169' title='bbox 478 3601 642 3655; x_wconf 89' lang='lat' dir='ltr'><strong>normam</strong></span> <span class='ocrx_word' id='word_1_170' title='bbox 654 3579 747 3654; x_wconf 89' lang='lat' dir='ltr'><strong>diota</strong></span> <span class='ocrx_word' id='word_1_171' title='bbox 764 3585 858 3674; x_wconf 83' lang='lat' dir='ltr'><strong>sunt,</strong></span> <span class='ocrx_word' id='word_1_172' title='bbox 876 3577 955 3654; x_wconf 88' lang='lat' dir='ltr'><strong>ideo</strong></span> <span class='ocrx_word' id='word_1_173' title='bbox 968 3600 989 3653; x_wconf 94' lang='lat' dir='ltr'><strong>a</strong></span> <span class='ocrx_word' id='word_1_174' title='bbox 1004 3585 1077 3654; x_wconf 91' lang='lat' dir='ltr'><strong>tota</strong></span> <span class='ocrx_word' id='word_1_175' title='bbox 1095 3578 1222 3656; x_wconf 87' lang='lat' dir='ltr'><strong>Schola</strong></span> <span class='ocrx_word' id='word_1_176' title='bbox 1236 3585 1349 3679; x_wconf 68' lang='lat' dir='ltr'><strong>repa</strong></span> 
     </span>
     <span class='ocr_line' id='line_1_25' title="bbox 160 3711 1334 3810; baseline 0.002 -24"><span class='ocrx_word' id='word_1_177' title='bbox 160 3712 222 3787; x_wconf 90' lang='lat' dir='ltr'><strong>tila</strong></span> <span class='ocrx_word' id='word_1_178' title='bbox 242 3711 437 3788; x_wconf 85' lang='lat' dir='ltr'><strong>hodiedum</strong></span> <span class='ocrx_word' id='word_1_179' title='bbox 454 3736 569 3810; x_wconf 90' lang='lat' dir='ltr'><strong>usque</strong></span> <span class='ocrx_word' id='word_1_180' title='bbox 585 3720 708 3787; x_wconf 91' lang='lat' dir='ltr'><strong>contra</strong></span> <span class='ocrx_word' id='word_1_181' title='bbox 726 3711 952 3788; x_wconf 86' lang='lat' dir='ltr'><strong>Cartesianos</strong></span> <span class='ocrx_word' id='word_1_182' title='bbox 967 3711 1098 3789; x_wconf 92' lang='lat' dir='ltr'><strong>valent.</strong></span> <span class='ocrx_word' id='word_1_183' title='bbox 1117 3713 1260 3787; x_wconf 83' lang='lat' dir='ltr'><strong>Certum</strong></span> <span class='ocrx_word' id='word_1_184' title='bbox 1280 3720 1334 3788; x_wconf 92' lang='lat' dir='ltr'><strong>est</strong></span> 
     </span>
     <span class='ocr_line' id='line_1_26' title="bbox 160 3843 1332 3952; baseline 0.001 -31"><span class='ocrx_word' id='word_1_185' title='bbox 160 3845 257 3921; x_wconf 84' lang='lat' dir='ltr'><strong>enirn</strong></span> <span class='ocrx_word' id='word_1_186' title='bbox 287 3845 405 3920; x_wconf 83' lang='lat' dir='ltr'><strong>inesse</strong></span> <span class='ocrx_word' id='word_1_187' title='bbox 432 3845 469 3919; x_wconf 92' lang='lat' dir='ltr'><strong>in</strong></span> <span class='ocrx_word' id='word_1_188' title='bbox 499 3844 742 3952; x_wconf 89' lang='lat' dir='ltr'><strong>animantibus</strong></span> <span class='ocrx_word' id='word_1_189' title='bbox 767 3843 923 3944; x_wconf 88' lang='lat' dir='ltr'><strong>primum</strong></span> <span class='ocrx_word' id='word_1_190' title='bbox 958 3844 1173 3945; x_wconf 89' lang='lat' dir='ltr'><strong>principium</strong></span> <span class='ocrx_word' id='word_1_191' title='bbox 1198 3854 1332 3940; x_wconf 88' lang='lat' dir='ltr'><strong>motus,</strong></span> 
     </span>
     <span class='ocr_line' id='line_1_27' title="bbox 160 3976 1332 4079; baseline 0.001 -25"><span class='ocrx_word' id='word_1_192' title='bbox 160 3977 317 4054; x_wconf 88' lang='lat' dir='ltr'><strong>animam</strong></span> <span class='ocrx_word' id='word_1_193' title='bbox 337 3977 481 4077; x_wconf 83' lang='lat' dir='ltr'><strong>scilicet,</strong></span> <span class='ocrx_word' id='word_1_194' title='bbox 498 4003 578 4078; x_wconf 87' lang='lat' dir='ltr'><strong>quae</strong></span> <span class='ocrx_word' id='word_1_195' title='bbox 593 4002 657 4078; x_wconf 87' lang='lat' dir='ltr'><strong>per</strong></span> <span class='ocrx_word' id='word_1_196' title='bbox 672 4001 797 4054; x_wconf 89' lang='lat' dir='ltr'><strong>sensus</strong></span> <span class='ocrx_word' id='word_1_197' title='bbox 813 3976 929 4053; x_wconf 90' lang='lat' dir='ltr'><strong>varias</strong></span> <span class='ocrx_word' id='word_1_198' title='bbox 946 3977 1098 4079; x_wconf 85' lang='lat' dir='ltr'><strong>acquirit</strong></span> <span class='ocrx_word' id='word_1_199' title='bbox 1113 3977 1332 4078; x_wconf 79' lang='lat' dir='ltr'><strong>cognitiones</strong></span> 
     </span>
     <span class='ocr_line' id='line_1_28' title="bbox 160 4109 1330 4210; baseline 0.001 -23"><span class='ocrx_word' id='word_1_200' title='bbox 160 4135 293 4188; x_wconf 80' lang='lat' dir='ltr'><strong>rerum,</strong></span> <span class='ocrx_word' id='word_1_201' title='bbox 313 4113 376 4186; x_wconf 88' lang='lat' dir='ltr'><strong>Hae</strong></span> <span class='ocrx_word' id='word_1_202' title='bbox 390 4119 509 4187; x_wconf 90' lang='lat' dir='ltr'><strong>autern</strong></span> <span class='ocrx_word' id='word_1_203' title='bbox 524 4110 672 4186; x_wconf 85' lang='lat' dir='ltr'><strong>diversae</strong></span> <span class='ocrx_word' id='word_1_204' title='bbox 688 4109 910 4210; x_wconf 85' lang='lat' dir='ltr'><strong>cognitiones</strong></span> <span class='ocrx_word' id='word_1_205' title='bbox 926 4109 1072 4210; x_wconf 87' lang='lat' dir='ltr'><strong>singulis</strong></span> <span class='ocrx_word' id='word_1_206' title='bbox 1088 4109 1330 4188; x_wconf 89' lang='lat' dir='ltr'><strong>animantibus</strong></span> 
     </span>
     <span class='ocr_line' id='line_1_29' title="bbox 161 4241 1355 4344; baseline 0 -24"><span class='ocrx_word' id='word_1_207' title='bbox 161 4250 246 4320; x_wconf 87' lang='lat' dir='ltr'><strong>sunt</strong></span> <span class='ocrx_word' id='word_1_208' title='bbox 266 4243 439 4344; x_wconf 86' lang='lat' dir='ltr'><strong>principia</strong></span> <span class='ocrx_word' id='word_1_209' title='bbox 456 4241 724 4320; x_wconf 88' lang='lat' dir='ltr'><strong>determinativa</strong></span> <span class='ocrx_word' id='word_1_210' title='bbox 741 4241 889 4317; x_wconf 89' lang='lat' dir='ltr'><strong>actionis</strong></span> <span class='ocrx_word' id='word_1_211' title='bbox 904 4251 939 4318; x_wconf 91' lang='lat' dir='ltr'><strong>et</strong></span> <span class='ocrx_word' id='word_1_212' title='bbox 958 4250 1085 4318; x_wconf 90' lang='lat' dir='ltr'><strong>motus.</strong></span> <span class='ocrx_word' id='word_1_213' title='bbox 1107 4245 1203 4319; x_wconf 89' lang='lat' dir='ltr'><strong>Inest</strong></span> <span class='ocrx_word' id='word_1_214' title='bbox 1222 4243 1331 4320; x_wconf 89' lang='lat' dir='ltr'><strong>etiam</strong></span> <span class='ocrx_word' id='word_1_215' title='bbox 1351 4293 1355 4298; x_wconf 91' lang='lat'><em>-</em></span> 
     </span>
    </p>
   </div>
   <div class='ocr_carea' id='block_1_3' title="bbox 196 4543 1323 4616">
    <p class='ocr_par' dir='ltr' id='par_1_8' title="bbox 196 4543 1323 4616">
     <span class='ocr_line' id='line_1_30' title="bbox 196 4543 1323 4616; baseline -0.005 -18"><span class='ocrx_word' id='word_1_216' title='bbox 196 4547 263 4598; x_wconf 74' lang='grc' dir='ltr'><strong>11η</strong></span> <span class='ocrx_word' id='word_1_217' title='bbox 278 4547 487 4616; x_wconf 64' lang='grc' dir='ltr'><strong>Ροῳὴμν.αεε</strong></span> <span class='ocrx_word' id='word_1_218' title='bbox 500 4546 638 4610; x_wconf 72' lang='lat' dir='ltr'><strong>translat„</strong></span> <span class='ocrx_word' id='word_1_219' title='bbox 653 4544 698 4600; x_wconf 89' lang='lat' dir='ltr'><strong>lib.</strong></span> <span class='ocrx_word' id='word_1_220' title='bbox 713 4545 734 4602; x_wconf 85' lang='lat'><strong>1.</strong></span> <span class='ocrx_word' id='word_1_221' title='bbox 747 4544 843 4611; x_wconf 82' lang='lat' dir='ltr'><strong>Migne‚</strong></span> <span class='ocrx_word' id='word_1_222' title='bbox 859 4548 880 4604; x_wconf 86' lang='lat' dir='ltr'><strong>t.</strong></span> <span class='ocrx_word' id='word_1_223' title='bbox 892 4543 979 4610; x_wconf 79' lang='lat' dir='ltr'>LXIV,</span> <span class='ocrx_word' id='word_1_224' title='bbox 993 4544 1042 4598; x_wconf 87' lang='lat' dir='ltr'><strong>eol.</strong></span> <span class='ocrx_word' id='word_1_225' title='bbox 1057 4545 1097 4610; x_wconf 70' lang='lat' dir='ltr'><strong>tt.</strong></span> <span class='ocrx_word' id='word_1_226' title='bbox 1157 4587 1161 4592; x_wconf 90' lang='lat'>.</span> <span class='ocrx_word' id='word_1_227' title='bbox 1251 4588 1286 4595; x_wconf 78' lang='grc'><strong>,,</strong></span> <span class='ocrx_word' id='word_1_228' title='bbox 1321 4550 1323 4555; x_wconf 94' lang='grc'><strong><em>·</em></strong></span> 
     </span>
    </p>
   </div>
   <div class='ocr_carea' id='block_1_4' title="bbox 0 0 1624 5468">
    <p class='ocr_par' dir='ltr' id='par_1_9' title="bbox 0 0 1624 5468">
     <span class='ocr_line' id='line_1_31' title="bbox 0 0 1624 5468; baseline 0 2"><span class='ocrx_word' id='word_1_229' title='bbox 0 0 1624 5468; x_wconf 95' lang='lat' dir='ltr'><strong> </strong></span> 
     </span>
    </p>
   </div>
  </div>
 </body>
</html>
