3240 5468
714 375 890 449 -47-

224 599 239 632 »
271 565 316 640 ad
342 572 375 641 te
402 569 599 642 revertatur
624 562 949 639 transcribendum.
976 562 1062 647 Quae
1090 561 1149 637 ubi
1180 561 1227 638 ad
1255 562 1388 639 calcem

222 728 240 766 u
274 696 381 773 ducta
400 695 625 773 constiterint
645 703 720 770 tum
741 694 888 770 demum
907 695 986 793 ejus
1009 695 1113 794 cujus
1137 695 1235 771 soleo
1255 693 1388 794 judicio

225 867 240 901 a
273 830 451 908 censenda
466 828 757 907 transmittam...
780 858 795 892 »

275 968 321 1041 Ex
358 965 425 1042 boc
457 965 554 1042 fonte
583 963 770 1042 dimanant
798 985 909 1062 quam
936 961 1151 1038 firmissimae
1174 985 1239 1063 pro
1267 969 1388 1040 nostra

222 1098 313 1176 tbesi
331 1098 499 1176 rationes.
514 1100 605 1175 Nam
624 1107 760 1176 certum
780 1104 855 1175 est:
872 1092 906 1171 10
923 1095 1164 1183 Questionem
1180 1095 1217 1171 in
1233 1096 1390 1175 Orienta-

221 1231 310 1308 lium
326 1230 476 1333 epistola
492 1239 628 1308 motam
643 1231 808 1309 eamdem
827 1256 973 1332 prorsus
992 1255 1070 1308 esse
1090 1253 1132 1307 ac
1151 1254 1193 1308 ea
1213 1230 1289 1331 ipsa
1310 1255 1390 1330 quae

222 1362 370 1442 solvitur
383 1363 420 1439 in
435 1363 540 1440 libro
555 1363 668 1441 Boetii
680 1363 912 1441 adscribendo
926 1363 983 1440 cui
1000 1363 1123 1440 titulus
1136 1397 1145 1444 ε
1157 1365 1262 1440 Liber
1272 1377 1391 1440 contre

222 1496 403 1595 Eutychen
431 1510 462 1572 et
490 1497 693 1573 Nestorium
721 1497 766 1573 ad
795 1498 970 1587 loannem
998 1496 1209 1595 diaconum,
1240 1521 1391 1598 quaeque

223 1629 350 1708 iisdem
380 1629 527 1708 omnino
557 1624 718 1708 terminis
747 1631 971 1730 continetur3
1001 1627 1040 1706 b⁰
1073 1635 1262 1710 Auctorem
1296 1632 1389 1708 Libri

224 1761 329 1864 hujus
349 1764 394 1840 ad
414 1763 603 1865 epistolam
627 1767 668 1840 ub
692 1765 842 1864 episcopo
865 1765 1105 1865 conscriptam
1130 1764 1290 1843 alludere
1313 1789 1392 1865 quae

225 1895 323 1974 nulla
348 1896 419 1974 alia
445 1904 498 1974 est
523 1920 630 1997 qnam
651 1896 887 1974 Orientalium
906 1897 1068 1998 epistola,
1091 1898 1227 1975 nullam
1247 1899 1393 1998 quidem

225 2030 527 2130 subscriptionem
555 2029 724 2130 reserens,
756 2031 817 2108 sed
843 2031 1033 2131 abaliquo
1057 2032 1224 2132 episcopo
1248 2032 1391 2131 quidem

226 2164 411 2259 enarata¹3
435 2157 473 2240 30
490 2163 732 2262 tudientium,
748 2165 967 2241 adstantium
984 2165 1122 2241 animos
1137 2165 1274 2242 infense
1294 2190 1395 2243 acer-

225 2298 340 2397 beque
359 2321 442 2397 erga
466 2297 662 2379 Orientales
686 2299 878 2401 dispositos
901 2297 1025 2396 fuisse,
1046 2304 1151 2399 prout
1174 2297 1275 2374 istius
1300 2306 1394 2375 tem-

225 2429 323 2531 poris
339 2431 488 2508 historia
505 2439 668 2527 testatum
685 2458 768 2509 nam
785 2431 962 2508 discordia
974 2431 1065 2508 inter
1076 2440 1265 2531 utramque
1282 2431 1396 2508 Eccle-

227 2564 318 2642 siam
332 2588 446 2665 usque
461 2566 506 2642 ad
522 2590 659 2645 annum
674 2561 766 2655 519,
785 2568 804 2640 J
808 2566 924 2642 ustino
940 2565 1151 2666 imperante,
1169 2565 1395 2666 perduravit3

227 2692 266 2772 40
280 2699 330 2774 nx
350 2699 514 2799 prooemii
532 2700 650 2776 verbis
665 2699 792 2797 allatis,
812 2700 953 2777 videtur
974 2699 1209 2799 Symmachus
1225 2699 1396 2800 patricius

228 2832 421 2910 conventui
450 2831 607 2910 adfuisse
633 2867 641 2911 :
666 2834 870 2909 Adsederam
898 2857 956 2930 epo
984 2834 1026 2907 ub
1055 2857 1091 2907 eo
1124 2857 1222 2931 quent
1250 2835 1398 2908 mocime

228 2968 361 3044 intueri
382 2969 593 3067 cupiebam...
621 2992 701 3069 quae
725 2966 871 3045 nonnisi
901 2966 948 3044 ad
980 2964 1185 3067 Symmachi
1215 2989 1256 3042 ac
1285 2965 1396 3042 boetii

230 3101 527 3206 consuetudinem
541 3110 576 3180 et
591 3102 842 3180 necessitatem
856 3101 1080 3194 referuntur3
1102 3093 1141 3176 5⁰
1156 3099 1207 3175 rld
1223 3100 1398 3177 loannem

230 3233 435 3332 diaconum,
462 3243 502 3311 ut
521 3242 696 3314 testantur
719 3236 870 3336 codices,
890 3235 1087 3312 destinatur
1107 3233 1164 3309 hic
1183 3232 1272 3310 liber
1290 3256 1400 3334 quem

230 3367 354 3444 lloetio
364 3369 612 3470 adscribimus,
623 3385 662 3446 ut
672 3372 894 3468 corriperetur
908 3395 982 3469 pue
992 3370 1111 3443 minuc
1124 3382 1227 3456 recte,
1243 3374 1399 3466 utpotea

127 3575 131 3581 .
229 3499 322 3578 luico
341 3501 418 3578 viro
432 3503 646 3604 conscripta,
662 3502 884 3580 excidissent.
901 3503 981 3577 Jam
1000 3502 1036 3577 in
1055 3501 1194 3577 duobus
1209 3499 1288 3575 aliis
1302 3497 1401 3573 libris

231 3635 354 3712 boetio
378 3629 566 3736 adscriptis
590 3635 685 3713 idem
704 3634 857 3712 occurrit
877 3663 885 3707 ε
912 3672 926 3706 a
949 3635 1033 3710 Haeo
1052 3633 1083 3709 si
1102 3657 1140 3710 se
1160 3641 1254 3709 recte
1274 3655 1315 3708 er
1329 3628 1400 3706 fide

231 3766 375 3869 babent,
392 3776 430 3844 ut
450 3793 508 3846 me
522 3769 661 3847 intruas
679 3768 805 3870 peto⁹;
824 3803 840 3836 »
866 3798 880 3833 α
900 3771 986 3856 Quae
1000 3775 1122 3843 utrum
1137 3773 1233 3843 recte
1252 3765 1402 3841 decursa

232 3899 277 3976 sit
308 3902 487 4001 (questio)
517 3927 563 3979 an
591 3902 750 4001 minime,
780 3908 904 3978 vestrae
936 3908 1068 3977 statuet
1100 3897 1402 4000 pronuntiationis

227 4032 469 4131 auctoritas³3
485 4030 525 4111 60
538 4035 628 4112 alius
643 4043 771 4137 praeter
781 4033 958 4133 Boetium,
976 4033 1073 4109 Libri
1086 4047 1207 4108 contro
1222 4029 1403 4128 Eutychen

269 4324 278 4356 ¹
301 4324 435 4387 Batonius,
448 4326 481 4375 ad
494 4339 559 4376 ann.
574 4323 630 4375 512.

238 4408 241 4414 '
266 4403 280 4437 ⁸
305 4402 404 4454 Utrum
416 4405 535 4456 Poterat
550 4403 648 4465 Filius,
661 4401 710 4452 sub
722 4401 811 4454 finem.
860 4456 863 4462 ,

268 4484 281 4517 ⁸
301 4483 341 4533 Dc
353 4483 496 4546 Trinitate,
510 4482 584 4535 liber.
