3240 5468
767 469 969 539 ..166-

280 665 433 742 docendi
455 662 665 762 theologiam
686 685 728 738 ao
748 659 1011 761 philosophiam
1028 683 1121 735 nora
1136 661 1243 736 rerba
1262 668 1298 736 et
1316 685 1458 738 novum

282 799 422 878 dieendi
437 823 550 898 genus
564 798 735 874 inducere
757 795 889 872 debuit.
909 795 996 870 Inde
1018 794 1267 894 discrepantiae
1285 795 1458 895 quadam

283 933 320 1009 in
340 933 480 1010 dicendi
500 956 628 1032 genere
647 931 738 1006 inter
753 927 1011 1005 Consolationis
1031 936 1066 1004 et
1088 928 1275 1028 theologiae
1293 953 1458 1035 opuseu-

264 1066 399 1143 lorum
424 1065 558 1140 stilum¹
582 1065 632 1139 Be
660 1071 787 1138 caetero
805 1061 1033 1137 confitentem
1063 1061 1308 1137 adversarium
1331 1062 1462 1138 Nitzs-

265 1197 405 1276 ¹chium
420 1198 607 1296 habemus,
625 1197 719 1272 circa
734 1194 954 1270 differentias
973 1194 1103 1270 coloris
1122 1218 1164 1271 ao
1183 1193 1267 1272 stili.
1284 1195 1460 1296 Diligenti

285 1333 449 1410 examine
464 1342 620 1432 peracto,
631 1331 679 1405 ita
690 1327 889 1404 concludit:
904 1361 921 1392 α
936 1330 1101 1404 Asserere
1115 1328 1285 1406 debemus
1300 1330 1463 1448 Pseudo-

266 1476 269 1481 ’
291 1501 307 1532 n
328 1467 518 1542 Boethium
533 1464 648 1564 (lingit
661 1463 756 1538 enim
771 1460 967 1561 quemdam
982 1461 1341 1559 PseudoBoelbium)
1357 1464 1462 1542 theo

290 1631 307 1665 2
328 1598 450 1697 logum
470 1598 507 1672 in
536 1595 714 1671 scribendi
743 1619 872 1694 genere
904 1594 1025 1670 Boetio
1054 1597 1267 1699 philosopho
1303 1600 1462 1699 propius

289 1769 306 1800 u
329 1733 535 1810 accedere..
550 1734 645 1807 Usus
658 1737 713 1805 est
727 1728 840 1804 Boetii
856 1726 1119 1828 exemplaribus
1134 1731 1179 1806 ad
1192 1731 1260 1806 hoo
1273 1731 1460 1809 scrihendi

287 1903 304 1933 ι
327 1891 438 1967 genus
459 1864 681 1960 imitandum,
705 1887 788 1939 nam
808 1863 896 1938 dixit
912 1862 1127 1938 Laurentius
1143 1863 1241 1941 Valla
1258 1893 1266 1936 :
1282 1866 1461 1944 Boethius

287 2036 303 2069 ι
327 2025 394 2077 nos
409 2000 530 2076 docuit
547 1999 700 2074 barbare
718 1997 830 2096 loqui.
850 2028 865 2061 ι
891 2029 906 2060 «
925 1996 1088 2097 Adhibet,
1104 2007 1143 2073 ut
1156 1999 1312 2097 Boetius,
1328 2010 1463 2078 auctor

288 2169 302 2200 .
326 2133 384 2210 ille
404 2133 549 2233 ignotus
567 2130 661 2208 idem
683 2131 912 2207 ambitiosum
931 2155 972 2207 ao
987 2131 1150 2208 sucatum
1164 2132 1304 2209 dicendi
1319 2159 1461 2234 genus,

286 2302 302 2334 ι
325 2267 512 2367 permultae
535 2266 695 2367 ejusdem
717 2264 866 2376 periodi,
887 2266 1053 2361 fatemur,
1074 2267 1236 2343 Boetium
1254 2267 1290 2343 in
1311 2292 1461 2345 memo-

260 2386 263 2390 *
286 2437 302 2469 υ
324 2402 415 2478 riam
441 2401 629 2478 reducunt.
655 2430 670 2462 ν)
697 2430 712 2461 ι
735 2405 865 2476 luctor
883 2399 964 2474 libri
982 2404 1024 2476 de
1046 2404 1218 2479 Trinitote
1237 2427 1309 2479 non
1328 2414 1461 2504 poste-

286 2537 399 2612 »rius
425 2547 551 2614 octavo
580 2536 711 2612 saeculo
739 2535 862 2611 vixit...
891 2569 906 2601 »
937 2565 951 2597 a
984 2536 1082 2613 lnler
1110 2536 1221 2613 Boetii
1255 2545 1461 2616 coetaneos

260 2678 263 2682 “
286 2702 302 2734 1·
325 2667 445 2743 nullus
471 2668 562 2745 alius
586 2669 750 2766 occurrit,
774 2676 828 2743 sat
846 2667 882 2742 in
906 2668 1090 2745 dialectica
1114 2669 1263 2770 peritus,
1283 2671 1343 2748 oui
1365 2670 1462 2750 illud

288 2822 417 2899 »opus
438 2800 592 2876 adscribi
618 2801 792 2901 possit...¹
817 2841 832 2874 ι
859 2843 874 2876 «
898 2807 1162 2904 Consequenter
1186 2811 1246 2904 (tl)
1281 2806 1461 2908 impossi-

288 2966 304 2998 »
327 2931 397 3008 bile
425 2940 478 3008 est
505 2933 666 3008 Boetium
691 2959 769 3011 esse
794 2945 975 3014 auctorem
1005 2940 1199 3040 genuinum
1226 2943 1334 3042 hujus
1359 2944 1459 3041 libri,

291 3103 304 3132 n
329 3090 411 3142 nam
430 3074 501 3142 tota
520 3064 774 3145 Consolationis
790 3071 1024 3173 philosophiae
1045 3072 1208 3152 doctrina
1227 3077 1331 3176 longe
1345 3103 1368 3155 a
1383 3079 1460 3156 fide

291 3232 305 3262 »
328 3199 523 3274 christiana
545 3211 694 3299 vagatur
714 3210 747 3276 et
766 3212 861 3277 errat
871 3199 895 3280 ².
920 3239 934 3270 »
959 3206 1066 3284 Plane
1087 3220 1206 3285 autem
1230 3230 1461 3312 consequen-

285 3328 369 3405 tiam
403 3332 516 3431 rejioit
548 3334 674 3436 Peiper
706 3346 740 3410 et
770 3339 896 3414 asserit
928 3373 946 3408 «
973 3340 1075 3417 illum
1103 3368 1174 3420 non
1206 3370 1283 3422 esse
1316 3370 1337 3421 a
1370 3372 1459 3424 vero

289 3465 486 3542 »alienum
515 3467 577 3566 qui
604 3468 736 3544 librum
768 3471 809 3543 de
839 3473 1010 3547 Trio-itote
1040 3475 1164 3550 Boetio
1189 3474 1460 3553 adolescentulo

289 3630 305 3662 »
326 3596 558 3674 adscribitis>
573 3599 636 3675 Cui
654 3603 849 3697 sententiae,
863 3616 900 3680 ut
912 3630 977 3706 par
988 3616 1052 3703 est,
1064 3607 1214 3687 libenter
1224 3610 1458 3690 assentimur.

338 3731 438 3806 Nune
453 3732 498 3806 od
516 3734 653 3832 singula
672 3759 859 3834 pergamus
879 3765 959 3838 quoe
974 3740 1047 3814 sive
1068 3743 1167 3817 a'lh.
1187 3743 1352 3837 Obbario,
1376 3746 1457 3822 sive

283 3889 304 3940 a
329 3867 366 3940 C.
394 3869 576 3965 Jourdain,
598 3871 672 3947 sive
695 3872 841 3949 demum
861 3899 883 3949 a
907 3877 962 3948 Fr.
987 3872 1176 3969 Nitzsohio,
1198 3875 1457 3953 recentioribus

255 3996 380 4087 ,hisce
415 3999 647 4099 temporibus,
679 4014 801 4079 contra
826 4006 989 4082 Boetium
1020 4009 1226 4109 theologum
1254 4011 1456 4111 excogitata

252 4238 255 4246 Ι
282 4138 365 4205 sont
384 4138 588 4231 systemata.

1259 4333 1457 4345 Q

252 4474 256 4486 Ι
316 4411 325 4443 ¹
348 4410 404 4458 Dos
416 4410 519 4474 system
533 4414 582 4462 dci·
594 4413 733 4475 Boethius,
746 4432 824 4483 pages
837 4415 891 4479 tte,
906 4419 960 4480 lll,
975 4419 1029 4478 119,
1044 4420 1096 4471 121,
1147 4419 1150 4423 ’

312 4485 326 4520 '²
349 4487 396 4536 Hic
410 4490 487 4540 totius
500 4490 626 4542 Nitzsch'ii
638 4494 785 4557 systematis
798 4496 883 4558 cardo,
898 4511 976 4561 pages
987 4497 1042 4561 tto,
1058 4499 1109 4557 155,
1124 4500 1170 4552 169
1182 4507 1208 4551 et
1221 4502 1326 4567 passim.

316 4567 644 4644 ‘Introduct.,p.lllllll.
1093 4578 1102 4592 ''
1186 4611 1191 4618 ·
1260 4595 1263 4603 ·
