3240 5468
692 416 890 486 -tnt-

261 638 279 681 «
302 610 424 684 bonus
442 607 500 683 ille
525 609 651 683 Rector
665 607 725 704 qui
742 618 838 681 certo
854 607 924 681 tine
940 606 1113 704 gubernat
1130 608 1251 683 omnin
1273 645 1288 679 a
1306 633 1378 684 res·

204 742 284 843 puit
307 739 473 817 cohibere
496 738 685 816 bominum
709 745 822 834 actus,
856 771 872 805 a
902 737 1056 837 sinitque
1080 739 1242 817 homines
1266 739 1377 816 libero

203 873 352 951 arbitrio
369 873 479 948 abuti.
493 876 535 947 nt
550 906 564 937 α
581 872 669 947 ordo
685 871 744 946 ille
759 871 821 969 qui
836 878 964 946 cuncta
979 871 1227 971 complectitur
1241 873 1378 949 reducit

203 1008 249 1084 ad
265 1007 376 1083 alium
391 1004 553 1081 ordinem
575 1028 716 1103 eaquae
736 1003 780 1078 ab
800 1003 923 1079 ordine
943 1003 1129 1104 adsignato
1147 1005 1374 1102 decesserint,

204 1165 248 1217 ne
272 1140 359 1241 quid
383 1140 419 1215 in
440 1162 551 1238 regno
568 1136 803 1214 Providentia
827 1137 933 1213 liceat
948 1139 1149 1217 temeritati.
1173 1175 1188 1208 ι
1214 1169 1232 1206 α
1250 1141 1376 1217 Provi-

204 1273 324 1351 dentia
340 1273 403 1349 illa
418 1272 567 1373 protulit
581 1271 718 1370 insigne
734 1270 960 1369 miraculum,
978 1280 1015 1346 ut
1036 1270 1149 1348 malos
1165 1272 1249 1347 mali
1263 1272 1376 1348 bonos

203 1403 364 1483 facerent
379 1464 400 1483 ..
418 1404 494 1481 sola
512 1412 566 1481 est
583 1401 680 1480 enim
700 1403 820 1478 divina
841 1403 894 1479 vis
918 1403 976 1480 cui
1000 1404 1096 1481 mala
1118 1428 1261 1504 quoque
1283 1406 1375 1481 bona

203 1537 286 1632 sint,
320 1561 405 1615 cum
438 1537 490 1613 eis
525 1544 769 1638 competenter
807 1537 941 1613 utendo
978 1537 1129 1639 alicujus
1167 1540 1250 1615 boni
1274 1539 1378 1617 'elicit

127 1769 131 1775 Ι
202 1669 369 1747 effectum
380 1670 402 1746 ¹.
425 1704 441 1736 a

258 1809 307 1884 De
331 1816 470 1902 caetero,
498 1805 581 1881 mali
607 1814 642 1881 et
665 1804 818 1906 improbi
843 1811 967 1882 contra
991 1827 1175 1879 summum
1193 1805 1376 1881 Rectorem

203 1965 325 2019 rerum
346 1939 538 2041 praevalere
553 1963 626 2016 non
642 1946 803 2038 possunt,
821 1936 902 2013 ideo
918 1944 1001 2012 sunt
1015 1934 1242 2035 impotentes,
1259 1936 1368 2013 imbe-

205 2073 320 2170 cilles,
346 2073 568 2174 exagitantur
592 2107 607 2139 α
629 2070 724 2147 vitiis
744 2066 1032 2168 discerpentibus
1061 2066 1373 2164 conscientiam»

207 2206 366 2304 dumque
390 2238 406 2271 α
432 2204 583 2304 sapienti
604 2226 737 2281 corona
757 2221 944 2298 nunquam
963 2198 1101 2277 decidet
1125 2209 1160 2275 et
1185 2209 1331 2300 arescet,
1358 2236 1372 2268 a

208 2372 224 2402 α
251 2337 339 2413 dum
358 2338 439 2435 ejus
461 2338 648 2437 praemium
672 2335 791 2412 nullus
816 2332 953 2409 deterat
976 2331 1063 2431 dies,
1088 2331 1219 2407 nullius
1240 2333 1377 2409 minuat

205 2478 382 2568 potestas,
404 2469 538 2546 nullius
561 2470 674 2546 fuscet
693 2465 923 2566 improbitas,
944 2499 960 2533 o
988 2498 1002 2531 ι
1024 2464 1196 2565 improbis
1216 2488 1257 2541 ac
1272 2464 1378 2542 malis

203 2600 361 2700 nequitia
382 2601 461 2702 ipsa
485 2601 701 2705 supplicium
722 2601 804 2678 est?
827 2631 841 2663 »

344 2837 484 2900 Detrahat
499 2839 523 2900 si
541 2836 607 2919 quis
621 2837 758 2919 superbis
774 2837 839 2899 vani
854 2837 983 2914 tegmina
997 2838 1104 2912 cultus,
1203 2882 1206 2887 -

343 2943 407 3007 Jam
422 2944 531 3007 videbit
545 2944 625 3007 intus
640 2953 734 3006 arctas
749 2943 885 3006 dominos
904 2940 982 3003 terre
996 2948 1125 3002 catenas.

346 3048 420 3112 Hinc
435 3050 515 3112 eninr
529 3050 622 3113 tibido
636 3058 743 3123 uersat,
761 3049 853 3113 auidis
867 3047 957 3111 corda
970 3046 1103 3127 venenis,

345 3153 420 3217 Hinc
435 3154 562 3235 flagellat
577 3155 621 3219 ira
635 3165 764 3220 mentem
779 3157 887 3220 ductus
901 3155 1018 3219 turbida
1032 3154 1139 3218 tollens

343 3261 453 3324 Maeror
466 3271 517 3325 aut
531 3273 634 3345 captus
648 3263 760 3342 tatigat,
776 3271 827 3324 aut
840 3281 908 3344 spes
923 3260 1038 3324 lubrica
1053 3270 1180 3342 torquet.

263 3530 279 3560 «ι
302 3496 343 3572 ln
363 3495 419 3572 bis
439 3507 563 3573 autem
588 3506 662 3574 tam
682 3499 848 3575 brevibus
870 3498 948 3573 vitae
968 3497 1071 3572 metis
1090 3503 1277 3596 expectare
1296 3496 1376 3570 lon-

206 3655 290 3730 gum
311 3630 522 3706 immortalis
537 3631 679 3708 animus
698 3667 712 3700 r>
733 3631 866 3731 nequit.
886 3629 1056 3704 Adsunt«
1077 3626 1178 3702 malis
1204 3624 1379 3726 supplicia

205 3770 287 3862 post
311 3762 522 3838 defunctum
548 3774 659 3841 morte
679 3788 820 3864 corpus,
841 3772 876 3838 et
897 3783 1023 3861 magna
1044 3760 1202 3860 quidem,
1225 3784 1376 3859 quornm

206 3894 275 3970 aba
302 3896 433 3994 poenali
459 3896 663 3990 acerbitate,
688 3897 756 3972 alia
789 3897 992 3996 purgatoria
1016 3896 1205 3972 clementia
1225 3896 1378 3972 exerceri

205 4023 321 4126 puto³.
342 4058 357 4092 ι

992 4235 1378 4255 W

240 4351 249 4385 t
273 4349 380 4400 Consol.
392 4350 435 4414 IV,
448 4365 488 4414 pr.
501 4354 524 4402 6.

240 4431 251 4463 ¹
273 4427 353 4490 latet,
367 4443 405 4491 pr.
420 4429 436 4478 2
449 4434 475 4477 et
486 4428 510 4477 3.

241 4506 252 4539 ⁵
274 4504 355 4566 ibid,
370 4519 406 4568 pr.
422 4507 445 4556 4.
