<?xml version="1.0" encoding="UTF-8"?>
<!DOCTYPE html PUBLIC "-//W3C//DTD XHTML 1.0 Transitional//EN"
    "http://www.w3.org/TR/xhtml1/DTD/xhtml1-transitional.dtd">
<html xmlns="http://www.w3.org/1999/xhtml" xml:lang="en" lang="en">
 <head>
  <title>
</title>
<meta http-equiv="Content-Type" content="text/html;charset=utf-8" />
  <meta name='ocr-system' content='tesseract 3.04.00' />
  <meta name='ocr-capabilities' content='ocr_page ocr_carea ocr_par ocr_line ocrx_word'/>
</head>
<body>
  <div class='ocr_page' id='page_1' title='image "./deamseverinoboe00bourgoog_0150.png"; bbox 0 0 3240 5468; ppageno 0'>
   <div class='ocr_carea' id='block_1_1' title="bbox 715 430 910 500">
    <p class='ocr_par' dir='ltr' id='par_1_1' title="bbox 715 430 910 500">
     <span class='ocr_line' id='line_1_1' title="bbox 715 430 910 500; baseline -0.01 0"><span class='ocrx_word' id='word_1_1' title='bbox 715 430 910 500; x_wconf 82' lang='lat' dir='ltr'>-t35-</span> 
     </span>
    </p>
   </div>
   <div class='ocr_carea' id='block_1_2' title="bbox 201 617 1400 1924">
    <p class='ocr_par' dir='ltr' id='par_1_2' title="bbox 201 617 1400 1924">
     <span class='ocr_line' id='line_1_2' title="bbox 282 617 1400 720; baseline -0.008 -15"><span class='ocrx_word' id='word_1_2' title='bbox 282 627 424 705; x_wconf 80' lang='lat' dir='ltr'><strong>Certum</strong></span> <span class='ocrx_word' id='word_1_3' title='bbox 444 633 498 701; x_wconf 91' lang='lat' dir='ltr'>est</span> <span class='ocrx_word' id='word_1_4' title='bbox 518 624 624 699; x_wconf 87' lang='lat' dir='ltr'>etiam</span> <span class='ocrx_word' id='word_1_5' title='bbox 645 645 687 697; x_wconf 90' lang='lat' dir='ltr'>ea</span> <span class='ocrx_word' id='word_1_6' title='bbox 706 645 785 720; x_wconf 90' lang='lat' dir='ltr'>quae</span> <span class='ocrx_word' id='word_1_7' title='bbox 807 644 827 695; x_wconf 92' lang='lat' dir='ltr'>a</span> <span class='ocrx_word' id='word_1_8' title='bbox 846 622 919 694; x_wconf 91' lang='lat' dir='ltr'>Deo</span> <span class='ocrx_word' id='word_1_9' title='bbox 935 627 974 691; x_wconf 91' lang='lat' dir='ltr'>ut</span> <span class='ocrx_word' id='word_1_10' title='bbox 992 628 1141 692; x_wconf 87' lang='lat' dir='ltr'>ventura</span> <span class='ocrx_word' id='word_1_11' title='bbox 1160 617 1400 716; x_wconf 73' lang='lat' dir='ltr'>praevidentur</span> 
     </span>
     <span class='ocr_line' id='line_1_3' title="bbox 227 753 1396 855; baseline 0.001 -20"><span class='ocrx_word' id='word_1_12' title='bbox 227 766 324 835; x_wconf 90' lang='lat' dir='ltr'>certo</span> <span class='ocrx_word' id='word_1_13' title='bbox 348 757 500 852; x_wconf 87' lang='lat' dir='ltr'>evenire,</span> <span class='ocrx_word' id='word_1_14' title='bbox 528 757 576 830; x_wconf 92' lang='lat' dir='ltr'>ita</span> <span class='ocrx_word' id='word_1_15' title='bbox 603 764 642 831; x_wconf 89' lang='lat' dir='ltr'>ut</span> <span class='ocrx_word' id='word_1_16' title='bbox 661 764 809 831; x_wconf 87' lang='lat' dir='ltr'>eventus</span> <span class='ocrx_word' id='word_1_17' title='bbox 827 753 1000 854; x_wconf 90' lang='lat' dir='ltr'>praescitae</span> <span class='ocrx_word' id='word_1_18' title='bbox 1016 753 1068 831; x_wconf 90' lang='lat' dir='ltr'>rei</span> <span class='ocrx_word' id='word_1_19' title='bbox 1086 761 1242 855; x_wconf 76' lang='lat' dir='ltr'><strong>nequeat</strong></span> <span class='ocrx_word' id='word_1_20' title='bbox 1262 755 1396 839; x_wconf 87' lang='lat' dir='ltr'>evitari.</span> 
     </span>
     <span class='ocr_line' id='line_1_4' title="bbox 227 888 1398 990; baseline 0.005 -25"><span class='ocrx_word' id='word_1_21' title='bbox 227 892 305 968; x_wconf 87' lang='lat' dir='ltr'>Non</span> <span class='ocrx_word' id='word_1_22' title='bbox 320 899 440 968; x_wconf 90' lang='lat' dir='ltr'>autem</span> <span class='ocrx_word' id='word_1_23' title='bbox 459 889 697 990; x_wconf 75' lang='lat' dir='ltr'>praevidentur</span> <span class='ocrx_word' id='word_1_24' title='bbox 713 888 779 963; x_wconf 89' lang='lat' dir='ltr'>ista</span> <span class='ocrx_word' id='word_1_25' title='bbox 795 888 914 964; x_wconf 81' lang='lat' dir='ltr'>futura</span> <span class='ocrx_word' id='word_1_26' title='bbox 928 896 968 964; x_wconf 92' lang='lat' dir='ltr'>ut</span> <span class='ocrx_word' id='word_1_27' title='bbox 983 889 1117 987; x_wconf 86' lang='lat' dir='ltr'>aliquid</span> <span class='ocrx_word' id='word_1_28' title='bbox 1129 891 1230 988; x_wconf 78' lang='lat' dir='ltr'>priua</span> <span class='ocrx_word' id='word_1_29' title='bbox 1250 890 1398 971; x_wconf 90' lang='lat' dir='ltr'>scientia</span> 
     </span>
     <span class='ocr_line' id='line_1_5' title="bbox 225 1020 1396 1120; baseline -0.002 -20"><span class='ocrx_word' id='word_1_30' title='bbox 225 1023 356 1120; x_wconf 85' lang='lat' dir='ltr'>divina,</span> <span class='ocrx_word' id='word_1_31' title='bbox 386 1046 489 1099; x_wconf 90' lang='lat' dir='ltr'>secus</span> <span class='ocrx_word' id='word_1_32' title='bbox 519 1020 658 1119; x_wconf 91' lang='lat' dir='ltr'>aliquid</span> <span class='ocrx_word' id='word_1_33' title='bbox 680 1021 917 1097; x_wconf 85' lang='lat' dir='ltr'>extrinsecum</span> <span class='ocrx_word' id='word_1_34' title='bbox 944 1021 1120 1098; x_wconf 80' lang='lat' dir='ltr'>diceretur</span> <span class='ocrx_word' id='word_1_35' title='bbox 1144 1045 1291 1098; x_wconf 89' lang='lat' dir='ltr'>causam</span> <span class='ocrx_word' id='word_1_36' title='bbox 1317 1046 1396 1100; x_wconf 88' lang='lat' dir='ltr'>esse</span> 
     </span>
     <span class='ocr_line' id='line_1_6' title="bbox 225 1154 1396 1254; baseline -0.001 -20"><span class='ocrx_word' id='word_1_37' title='bbox 225 1157 382 1235; x_wconf 89' lang='lat' dir='ltr'>scientiae</span> <span class='ocrx_word' id='word_1_38' title='bbox 402 1157 476 1233; x_wconf 89' lang='lat' dir='ltr'>Dei.</span> <span class='ocrx_word' id='word_1_39' title='bbox 505 1154 541 1230; x_wconf 89' lang='lat' dir='ltr'>Si</span> <span class='ocrx_word' id='word_1_40' title='bbox 565 1162 685 1230; x_wconf 91' lang='lat' dir='ltr'>autem</span> <span class='ocrx_word' id='word_1_41' title='bbox 710 1155 949 1253; x_wconf 72' lang='lat' dir='ltr'>praevidentur</span> <span class='ocrx_word' id='word_1_42' title='bbox 971 1163 1008 1231; x_wconf 93' lang='lat' dir='ltr'>ut</span> <span class='ocrx_word' id='word_1_43' title='bbox 1034 1154 1168 1254; x_wconf 91' lang='lat' dir='ltr'>aliquid</span> <span class='ocrx_word' id='word_1_44' title='bbox 1188 1157 1290 1254; x_wconf 77' lang='lat' dir='ltr'>praue</span> <span class='ocrx_word' id='word_1_45' title='bbox 1315 1180 1396 1252; x_wconf 78' lang='lat' dir='ltr'>con-</span> 
     </span>
     <span class='ocr_line' id='line_1_7' title="bbox 224 1282 1396 1387; baseline 0 -20"><span class='ocrx_word' id='word_1_46' title='bbox 224 1290 314 1367; x_wconf 88' lang='lat' dir='ltr'>siliis</span> <span class='ocrx_word' id='word_1_47' title='bbox 329 1313 371 1366; x_wconf 92' lang='lat' dir='ltr'>ac</span> <span class='ocrx_word' id='word_1_48' title='bbox 385 1282 628 1365; x_wconf 88' lang='lat' dir='ltr'>voluntatibus</span> <span class='ocrx_word' id='word_1_49' title='bbox 643 1287 842 1382; x_wconf 87' lang='lat' dir='ltr'>hominum,</span> <span class='ocrx_word' id='word_1_50' title='bbox 866 1288 942 1387; x_wconf 87' lang='lat' dir='ltr'>jam</span> <span class='ocrx_word' id='word_1_51' title='bbox 962 1287 1098 1364; x_wconf 89' lang='lat' dir='ltr'>tollitur</span> <span class='ocrx_word' id='word_1_52' title='bbox 1116 1288 1276 1365; x_wconf 88' lang='lat' dir='ltr'>humana</span> <span class='ocrx_word' id='word_1_53' title='bbox 1294 1289 1396 1366; x_wconf 88' lang='lat' dir='ltr'>libcr-</span> 
     </span>
     <span class='ocr_line' id='line_1_8' title="bbox 224 1419 1395 1523; baseline 0.003 -25"><span class='ocrx_word' id='word_1_54' title='bbox 224 1433 290 1518; x_wconf 90' lang='lat' dir='ltr'>tas‚</span> <span class='ocrx_word' id='word_1_55' title='bbox 317 1422 450 1498; x_wconf 84' lang='lat' dir='ltr'>frustra</span> <span class='ocrx_word' id='word_1_56' title='bbox 469 1420 572 1496; x_wconf 91' lang='lat' dir='ltr'>bonis</span> <span class='ocrx_word' id='word_1_57' title='bbox 592 1419 752 1519; x_wconf 88' lang='lat' dir='ltr'>praemia,</span> <span class='ocrx_word' id='word_1_58' title='bbox 773 1420 875 1495; x_wconf 91' lang='lat' dir='ltr'>malis</span> <span class='ocrx_word' id='word_1_59' title='bbox 896 1445 1011 1520; x_wconf 72' lang='lat' dir='ltr'>poenae</span> <span class='ocrx_word' id='word_1_60' title='bbox 1028 1431 1302 1523; x_wconf 87' lang='lat' dir='ltr'>proponuntur,</span> <span class='ocrx_word' id='word_1_61' title='bbox 1322 1448 1395 1501; x_wconf 92' lang='lat' dir='ltr'>non</span> 
     </span>
     <span class='ocr_line' id='line_1_9' title="bbox 221 1552 1393 1654; baseline 0.003 -23"><span class='ocrx_word' id='word_1_62' title='bbox 221 1558 296 1654; x_wconf 88' lang='lat' dir='ltr'>jam</span> <span class='ocrx_word' id='word_1_63' title='bbox 315 1562 397 1630; x_wconf 91' lang='lat' dir='ltr'>sunt</span> <span class='ocrx_word' id='word_1_64' title='bbox 422 1554 514 1652; x_wconf 86' lang='lat' dir='ltr'>vitia,</span> <span class='ocrx_word' id='word_1_65' title='bbox 531 1577 595 1628; x_wconf 90' lang='lat' dir='ltr'>nea</span> <span class='ocrx_word' id='word_1_66' title='bbox 609 1553 779 1648; x_wconf 78' lang='lat' dir='ltr'>virtutes3</span> <span class='ocrx_word' id='word_1_67' title='bbox 795 1552 958 1630; x_wconf 79' lang='lat' dir='ltr'>aufertur</span> <span class='ocrx_word' id='word_1_68' title='bbox 977 1557 1085 1632; x_wconf 90' lang='lat' dir='ltr'>etiam</span> <span class='ocrx_word' id='word_1_69' title='bbox 1105 1590 1122 1623; x_wconf 74' lang='lat' dir='ltr'>a</span> <span class='ocrx_word' id='word_1_70' title='bbox 1141 1558 1288 1634; x_wconf 89' lang='lat' dir='ltr'>unicum</span> <span class='ocrx_word' id='word_1_71' title='bbox 1308 1558 1393 1635; x_wconf 89' lang='lat' dir='ltr'>illud</span> 
     </span>
     <span class='ocr_line' id='line_1_10' title="bbox 223 1685 1394 1790; baseline 0.006 -30"><span class='ocrx_word' id='word_1_72' title='bbox 223 1686 314 1762; x_wconf 90' lang='lat' dir='ltr'>inter</span> <span class='ocrx_word' id='word_1_73' title='bbox 333 1685 494 1762; x_wconf 91' lang='lat' dir='ltr'>homines</span> <span class='ocrx_word' id='word_1_74' title='bbox 515 1687 700 1785; x_wconf 87' lang='lat' dir='ltr'>Deumque</span> <span class='ocrx_word' id='word_1_75' title='bbox 719 1687 985 1784; x_wconf 78' lang='lat' dir='ltr'>commercium,</span> <span class='ocrx_word' id='word_1_76' title='bbox 1006 1691 1173 1790; x_wconf 89' lang='lat' dir='ltr'>sperandi</span> <span class='ocrx_word' id='word_1_77' title='bbox 1199 1691 1335 1768; x_wconf 90' lang='lat' dir='ltr'>scilicet</span> <span class='ocrx_word' id='word_1_78' title='bbox 1359 1700 1394 1769; x_wconf 89' lang='lat' dir='ltr'>et</span> 
     </span>
     <span class='ocr_line' id='line_1_11' title="bbox 201 1796 1181 1924; baseline -0.001 -25"><span class='ocrx_word' id='word_1_79' title='bbox 201 1796 450 1922; x_wconf 89' lang='lat' dir='ltr'>deprecandi.</span> <span class='ocrx_word' id='word_1_80' title='bbox 470 1820 563 1907; x_wconf 84' lang='lat' dir='ltr'>Quid</span> <span class='ocrx_word' id='word_1_81' title='bbox 578 1820 782 1897; x_wconf 80' lang='lat' dir='ltr'>sceleratius</span> <span class='ocrx_word' id='word_1_82' title='bbox 802 1823 992 1922; x_wconf 82' lang='lat' dir='ltr'>excogitari</span> <span class='ocrx_word' id='word_1_83' title='bbox 1007 1828 1154 1924; x_wconf 85' lang='lat' dir='ltr'>potest?</span> <span class='ocrx_word' id='word_1_84' title='bbox 1178 1866 1181 1871; x_wconf 67' lang='grc'><em>»</em></span> 
     </span>
    </p>
   </div>
   <div class='ocr_carea' id='block_1_3' title="bbox 276 1981 1323 2080">
    <p class='ocr_par' dir='ltr' id='par_1_3' title="bbox 276 1981 1323 2080">
     <span class='ocr_line' id='line_1_12' title="bbox 276 1981 1323 2080; baseline 0 -19"><span class='ocrx_word' id='word_1_85' title='bbox 276 1983 471 2061; x_wconf 73' lang='lat' dir='ltr'>Audiamus</span> <span class='ocrx_word' id='word_1_86' title='bbox 487 2006 583 2059; x_wconf 90' lang='lat' dir='ltr'>nunc</span> <span class='ocrx_word' id='word_1_87' title='bbox 596 1982 703 2080; x_wconf 87' lang='lat' dir='ltr'>hujus</span> <span class='ocrx_word' id='word_1_88' title='bbox 723 1988 795 2056; x_wconf 91' lang='lat' dir='ltr'>tam</span> <span class='ocrx_word' id='word_1_89' title='bbox 820 1981 976 2059; x_wconf 86' lang='lat' dir='ltr'>intricati</span> <span class='ocrx_word' id='word_1_90' title='bbox 991 1984 1076 2060; x_wconf 92' lang='lat' dir='ltr'>nodi</span> <span class='ocrx_word' id='word_1_91' title='bbox 1092 1984 1323 2061; x_wconf 90' lang='lat' dir='ltr'>solutionem.</span> 
     </span>
    </p>
   </div>
   <div class='ocr_carea' id='block_1_4' title="bbox 220 2167 1391 2384">
    <p class='ocr_par' dir='ltr' id='par_1_4' title="bbox 220 2167 1391 2384">
     <span class='ocr_line' id='line_1_13' title="bbox 275 2167 1391 2273; baseline 0 -25"><span class='ocrx_word' id='word_1_92' title='bbox 275 2173 433 2248; x_wconf 89' lang='lat' dir='ltr'>Libertas</span> <span class='ocrx_word' id='word_1_93' title='bbox 459 2167 595 2248; x_wconf 88' lang='lat' dir='ltr'>arbitrii</span> <span class='ocrx_word' id='word_1_94' title='bbox 616 2168 678 2245; x_wconf 89' lang='lat' dir='ltr'>Dei</span> <span class='ocrx_word' id='word_1_95' title='bbox 699 2169 922 2269; x_wconf 85' lang='lat' dir='ltr'>praescientia</span> <span class='ocrx_word' id='word_1_96' title='bbox 947 2169 1045 2247; x_wconf 90' lang='lat' dir='ltr'>nullo</span> <span class='ocrx_word' id='word_1_97' title='bbox 1067 2171 1175 2248; x_wconf 92' lang='lat' dir='ltr'>modo</span> <span class='ocrx_word' id='word_1_98' title='bbox 1197 2171 1391 2273; x_wconf 89' lang='lat' dir='ltr'>impeditur</span> 
     </span>
     <span class='ocr_line' id='line_1_14' title="bbox 220 2331 331 2384; baseline -0.027 0"><span class='ocrx_word' id='word_1_99' title='bbox 220 2331 302 2384; x_wconf 88' lang='lat' dir='ltr'>nam</span> <span class='ocrx_word' id='word_1_100' title='bbox 323 2336 331 2381; x_wconf 91' lang='lat'>:</span> 
     </span>
    </p>
   </div>
   <div class='ocr_carea' id='block_1_5' title="bbox 217 2465 1389 2698">
    <p class='ocr_par' dir='ltr' id='par_1_5' title="bbox 217 2465 1389 2698">
     <span class='ocr_line' id='line_1_15' title="bbox 274 2465 1389 2566; baseline -0.001 -22"><span class='ocrx_word' id='word_1_101' title='bbox 274 2466 311 2544; x_wconf 86' lang='grc' dir='ltr'>1ο</span> <span class='ocrx_word' id='word_1_102' title='bbox 339 2467 513 2544; x_wconf 90' lang='lat' dir='ltr'>Praeuotio</span> <span class='ocrx_word' id='word_1_103' title='bbox 538 2466 675 2541; x_wconf 91' lang='lat' dir='ltr'>nullam</span> <span class='ocrx_word' id='word_1_104' title='bbox 697 2465 826 2540; x_wconf 85' lang='lat' dir='ltr'>futuris</span> <span class='ocrx_word' id='word_1_105' title='bbox 846 2466 953 2542; x_wconf 88' lang='lat' dir='ltr'>rebus</span> <span class='ocrx_word' id='word_1_106' title='bbox 976 2466 1098 2566; x_wconf 87' lang='lat' dir='ltr'>adjicit</span> <span class='ocrx_word' id='word_1_107' title='bbox 1117 2467 1389 2566; x_wconf 63' lang='lat' dir='ltr'>necessitatem</span> 
     </span>
     <span class='ocr_line' id='line_1_16' title="bbox 217 2598 1389 2698; baseline -0.003 -18"><span class='ocrx_word' id='word_1_108' title='bbox 217 2613 271 2681; x_wconf 91' lang='lat' dir='ltr'>est</span> <span class='ocrx_word' id='word_1_109' title='bbox 289 2609 428 2679; x_wconf 88' lang='lat' dir='ltr'>tantum</span> <span class='ocrx_word' id='word_1_110' title='bbox 446 2602 584 2698; x_wconf 77' lang='lat' dir='ltr'>cippum</span> <span class='ocrx_word' id='word_1_111' title='bbox 603 2598 699 2698; x_wconf 91' lang='lat' dir='ltr'>quod</span> <span class='ocrx_word' id='word_1_112' title='bbox 718 2598 873 2675; x_wconf 86' lang='lat' dir='ltr'>ostendit</span> <span class='ocrx_word' id='word_1_113' title='bbox 893 2599 980 2698; x_wconf 90' lang='lat' dir='ltr'>quid</span> <span class='ocrx_word' id='word_1_114' title='bbox 1004 2599 1061 2697; x_wconf 84' lang='lat' dir='ltr'>sit,</span> <span class='ocrx_word' id='word_1_115' title='bbox 1084 2623 1155 2676; x_wconf 93' lang='lat' dir='ltr'>non</span> <span class='ocrx_word' id='word_1_116' title='bbox 1174 2623 1258 2678; x_wconf 90' lang='lat' dir='ltr'>vero</span> <span class='ocrx_word' id='word_1_117' title='bbox 1279 2601 1389 2678; x_wconf 84' lang='lat' dir='ltr'>efficit</span> 
     </span>
    </p>
   </div>
   <div class='ocr_carea' id='block_1_6' title="bbox 216 2732 1456 3099">
    <p class='ocr_par' dir='ltr' id='par_1_6' title="bbox 216 2732 1456 3099">
     <span class='ocr_line' id='line_1_17' title="bbox 216 2732 1388 2834; baseline 0.002 -24"><span class='ocrx_word' id='word_1_118' title='bbox 216 2735 312 2834; x_wconf 87' lang='lat' dir='ltr'>quod</span> <span class='ocrx_word' id='word_1_119' title='bbox 340 2734 513 2833; x_wconf 82' lang='lat' dir='ltr'>designat.</span> <span class='ocrx_word' id='word_1_120' title='bbox 543 2733 640 2809; x_wconf 88' lang='lat' dir='ltr'>Sicut</span> <span class='ocrx_word' id='word_1_121' title='bbox 668 2755 752 2830; x_wconf 83' lang='lat' dir='ltr'>ergo</span> <span class='ocrx_word' id='word_1_122' title='bbox 784 2764 799 2798; x_wconf 76' lang='grc' dir='ltr'>α</span> <span class='ocrx_word' id='word_1_123' title='bbox 833 2733 982 2808; x_wconf 89' lang='lat' dir='ltr'>scientia</span> <span class='ocrx_word' id='word_1_124' title='bbox 1010 2732 1240 2833; x_wconf 88' lang='lat' dir='ltr'>praesentium</span> <span class='ocrx_word' id='word_1_125' title='bbox 1268 2758 1388 2812; x_wconf 91' lang='lat' dir='ltr'>rerum</span> 
     </span>
     <span class='ocr_line' id='line_1_18' title="bbox 216 2853 1456 2966; baseline 0 -22"><span class='ocrx_word' id='word_1_126' title='bbox 216 2868 303 2944; x_wconf 87' lang='lat' dir='ltr'>nihil</span> <span class='ocrx_word' id='word_1_127' title='bbox 330 2868 386 2944; x_wconf 91' lang='lat' dir='ltr'>his</span> <span class='ocrx_word' id='word_1_128' title='bbox 414 2891 493 2966; x_wconf 92' lang='lat' dir='ltr'>quae</span> <span class='ocrx_word' id='word_1_129' title='bbox 517 2867 621 2962; x_wconf 88' lang='lat' dir='ltr'>fiunt,</span> <span class='ocrx_word' id='word_1_130' title='bbox 647 2865 697 2941; x_wconf 87' lang='lat' dir='ltr'>ita</span> <span class='ocrx_word' id='word_1_131' title='bbox 724 2866 946 2965; x_wconf 86' lang='lat' dir='ltr'>praescientia</span> <span class='ocrx_word' id='word_1_132' title='bbox 978 2866 1180 2944; x_wconf 78' lang='lat' dir='ltr'>futurorum</span> <span class='ocrx_word' id='word_1_133' title='bbox 1217 2867 1307 2945; x_wconf 91' lang='lat' dir='ltr'>nihil</span> <span class='ocrx_word' id='word_1_134' title='bbox 1334 2868 1389 2944; x_wconf 91' lang='lat' dir='ltr'>his</span> <span class='ocrx_word' id='word_1_135' title='bbox 1454 2853 1456 2857; x_wconf 10' lang='grc' dir='ltr'><em>Α</em></span> 
     </span>
     <span class='ocr_line' id='line_1_19' title="bbox 216 2998 1024 3099; baseline -0.012 -23"><span class='ocrx_word' id='word_1_136' title='bbox 216 3025 294 3099; x_wconf 89' lang='lat' dir='ltr'>quae</span> <span class='ocrx_word' id='word_1_137' title='bbox 310 3014 458 3076; x_wconf 87' lang='lat' dir='ltr'>ventura</span> <span class='ocrx_word' id='word_1_138' title='bbox 474 3006 556 3074; x_wconf 89' lang='lat' dir='ltr'>sunt</span> <span class='ocrx_word' id='word_1_139' title='bbox 571 2998 790 3076; x_wconf 86' lang='lat' dir='ltr'>necessitatis</span> <span class='ocrx_word' id='word_1_140' title='bbox 805 2998 985 3098; x_wconf 87' lang='lat' dir='ltr'>importat.</span> <span class='ocrx_word' id='word_1_141' title='bbox 1008 3033 1024 3066; x_wconf 69' lang='lat' dir='ltr'>a</span> 
     </span>
    </p>
   </div>
   <div class='ocr_carea' id='block_1_7' title="bbox 205 3153 1385 4592">
    <p class='ocr_par' dir='ltr' id='par_1_7' title="bbox 205 3153 1385 4592">
     <span class='ocr_line' id='line_1_20' title="bbox 267 3153 1383 3262; baseline 0.005 -29"><span class='ocrx_word' id='word_1_142' title='bbox 267 3153 306 3233; x_wconf 68' lang='lat'>2⁰</span> <span class='ocrx_word' id='word_1_143' title='bbox 338 3193 354 3224; x_wconf 73' lang='grc' dir='ltr'>α</span> <span class='ocrx_word' id='word_1_144' title='bbox 389 3161 501 3235; x_wconf 91' lang='lat' dir='ltr'>Omne</span> <span class='ocrx_word' id='word_1_145' title='bbox 526 3158 624 3258; x_wconf 93' lang='lat' dir='ltr'>quod</span> <span class='ocrx_word' id='word_1_146' title='bbox 649 3159 873 3258; x_wconf 81' lang='lat' dir='ltr'>cognoscitur</span> <span class='ocrx_word' id='word_1_147' title='bbox 900 3182 973 3236; x_wconf 87' lang='lat' dir='ltr'>non</span> <span class='ocrx_word' id='word_1_148' title='bbox 996 3161 1196 3238; x_wconf 91' lang='lat' dir='ltr'>secundum</span> <span class='ocrx_word' id='word_1_149' title='bbox 1221 3163 1276 3238; x_wconf 91' lang='lat' dir='ltr'>sui</span> <span class='ocrx_word' id='word_1_150' title='bbox 1299 3163 1383 3262; x_wconf 86' lang='lat' dir='ltr'>vim,</span> 
     </span>
     <span class='ocr_line' id='line_1_21' title="bbox 214 3291 1385 3393; baseline 0.006 -26"><span class='ocrx_word' id='word_1_151' title='bbox 214 3293 274 3368; x_wconf 90' lang='lat' dir='ltr'>sed</span> <span class='ocrx_word' id='word_1_152' title='bbox 292 3292 489 3369; x_wconf 90' lang='lat' dir='ltr'>secundum</span> <span class='ocrx_word' id='word_1_153' title='bbox 505 3293 797 3390; x_wconf 84' lang='lat' dir='ltr'>cognoscentium</span> <span class='ocrx_word' id='word_1_154' title='bbox 812 3291 932 3392; x_wconf 90' lang='lat' dir='ltr'>potius</span> <span class='ocrx_word' id='word_1_155' title='bbox 947 3294 1261 3393; x_wconf 87' lang='lat' dir='ltr'>comprehenditur</span> <span class='ocrx_word' id='word_1_156' title='bbox 1275 3296 1385 3374; x_wconf 84' lang='lat' dir='ltr'>tacul-</span> 
     </span>
     <span class='ocr_line' id='line_1_22' title="bbox 214 3424 1381 3526; baseline 0.006 -27"><span class='ocrx_word' id='word_1_157' title='bbox 214 3430 330 3500; x_wconf 90' lang='lat' dir='ltr'>tatem.</span> <span class='ocrx_word' id='word_1_158' title='bbox 365 3465 380 3499; x_wconf 75' lang='lat' dir='ltr'>a</span> <span class='ocrx_word' id='word_1_159' title='bbox 411 3453 426 3486; x_wconf 85' lang='lat'>«</span> <span class='ocrx_word' id='word_1_160' title='bbox 455 3424 626 3501; x_wconf 84' lang='lat' dir='ltr'>Eamdem</span> <span class='ocrx_word' id='word_1_161' title='bbox 657 3425 816 3525; x_wconf 81' lang='lat' dir='ltr'>corporis</span> <span class='ocrx_word' id='word_1_162' title='bbox 849 3424 1105 3501; x_wconf 89' lang='lat' dir='ltr'>rotunditatem</span> <span class='ocrx_word' id='word_1_163' title='bbox 1138 3427 1239 3504; x_wconf 89' lang='lat' dir='ltr'>aliter</span> <span class='ocrx_word' id='word_1_164' title='bbox 1274 3429 1381 3526; x_wconf 86' lang='lat' dir='ltr'>visus,</span> 
     </span>
     <span class='ocr_line' id='line_1_23' title="bbox 212 3556 1380 3662; baseline 0.006 -31"><span class='ocrx_word' id='word_1_165' title='bbox 212 3556 314 3633; x_wconf 88' lang='lat' dir='ltr'>aliter</span> <span class='ocrx_word' id='word_1_166' title='bbox 334 3564 448 3633; x_wconf 88' lang='lat' dir='ltr'>tactus</span> <span class='ocrx_word' id='word_1_167' title='bbox 467 3558 638 3657; x_wconf 83' lang='lat' dir='ltr'>agnoscit.</span> <span class='ocrx_word' id='word_1_168' title='bbox 659 3592 675 3624; x_wconf 88' lang='lat'><strong><em>»</em></strong></span> <span class='ocrx_word' id='word_1_169' title='bbox 703 3591 718 3622; x_wconf 72' lang='lat' dir='ltr'>a</span> <span class='ocrx_word' id='word_1_170' title='bbox 746 3556 856 3634; x_wconf 80' lang='lat' dir='ltr'>Aliter</span> <span class='ocrx_word' id='word_1_171' title='bbox 879 3582 1017 3656; x_wconf 84' lang='lat' dir='ltr'>sensus,</span> <span class='ocrx_word' id='word_1_172' title='bbox 1038 3559 1138 3636; x_wconf 92' lang='lat' dir='ltr'>aliter</span> <span class='ocrx_word' id='word_1_173' title='bbox 1160 3560 1380 3662; x_wconf 83' lang='lat' dir='ltr'>imaginatio,</span> 
     </span>
     <span class='ocr_line' id='line_1_24' title="bbox 210 3686 1380 3792; baseline 0.011 -30"><span class='ocrx_word' id='word_1_174' title='bbox 210 3686 311 3764; x_wconf 90' lang='lat' dir='ltr'>aliter</span> <span class='ocrx_word' id='word_1_175' title='bbox 339 3686 446 3783; x_wconf 84' lang='lat' dir='ltr'>ratio,</span> <span class='ocrx_word' id='word_1_176' title='bbox 477 3687 579 3764; x_wconf 90' lang='lat' dir='ltr'>aliter</span> <span class='ocrx_word' id='word_1_177' title='bbox 606 3689 838 3790; x_wconf 82' lang='lat' dir='ltr'>intelligentia</span> <span class='ocrx_word' id='word_1_178' title='bbox 867 3692 988 3792; x_wconf 90' lang='lat' dir='ltr'>ipsum</span> <span class='ocrx_word' id='word_1_179' title='bbox 1015 3692 1198 3772; x_wconf 91' lang='lat' dir='ltr'>hominem</span> <span class='ocrx_word' id='word_1_180' title='bbox 1231 3706 1380 3775; x_wconf 91' lang='lat' dir='ltr'>contue-</span> 
     </span>
     <span class='ocr_line' id='line_1_25' title="bbox 212 3821 1380 3935; baseline 0.015 -41"><span class='ocrx_word' id='word_1_181' title='bbox 212 3827 280 3895; x_wconf 90' lang='lat' dir='ltr'>tur.</span> <span class='ocrx_word' id='word_1_182' title='bbox 309 3853 326 3886; x_wconf 85' lang='lat'>»</span> <span class='ocrx_word' id='word_1_183' title='bbox 353 3852 368 3888; x_wconf 79' lang='lat' dir='ltr'>a</span> <span class='ocrx_word' id='word_1_184' title='bbox 398 3823 476 3908; x_wconf 83' lang='lat' dir='ltr'>Quo</span> <span class='ocrx_word' id='word_1_185' title='bbox 494 3821 534 3896; x_wconf 86' lang='lat' dir='ltr'>fit</span> <span class='ocrx_word' id='word_1_186' title='bbox 554 3829 594 3896; x_wconf 89' lang='lat' dir='ltr'>ut</span> <span class='ocrx_word' id='word_1_187' title='bbox 612 3846 654 3899; x_wconf 91' lang='lat' dir='ltr'>ea</span> <span class='ocrx_word' id='word_1_188' title='bbox 674 3824 799 3900; x_wconf 89' lang='lat' dir='ltr'>notitia</span> <span class='ocrx_word' id='word_1_189' title='bbox 823 3828 958 3903; x_wconf 90' lang='lat' dir='ltr'>caeteris</span> <span class='ocrx_word' id='word_1_190' title='bbox 981 3836 1125 3929; x_wconf 91' lang='lat' dir='ltr'>praestet</span> <span class='ocrx_word' id='word_1_191' title='bbox 1150 3855 1229 3930; x_wconf 92' lang='lat' dir='ltr'>quae</span> <span class='ocrx_word' id='word_1_192' title='bbox 1254 3842 1380 3935; x_wconf 89' lang='lat' dir='ltr'>suapte</span> 
     </span>
     <span class='ocr_line' id='line_1_26' title="bbox 209 3957 1381 4069; baseline 0.014 -38"><span class='ocrx_word' id='word_1_193' title='bbox 209 3964 339 4031; x_wconf 92' lang='lat' dir='ltr'>natura</span> <span class='ocrx_word' id='word_1_194' title='bbox 377 3981 451 4034; x_wconf 90' lang='lat' dir='ltr'>non</span> <span class='ocrx_word' id='word_1_195' title='bbox 490 3957 595 4033; x_wconf 91' lang='lat' dir='ltr'>modo</span> <span class='ocrx_word' id='word_1_196' title='bbox 633 3959 840 4060; x_wconf 90' lang='lat' dir='ltr'>proprium,</span> <span class='ocrx_word' id='word_1_197' title='bbox 880 3962 943 4038; x_wconf 90' lang='lat' dir='ltr'>sad</span> <span class='ocrx_word' id='word_1_198' title='bbox 984 3971 1193 4041; x_wconf 90' lang='lat' dir='ltr'>caeterarum</span> <span class='ocrx_word' id='word_1_199' title='bbox 1236 3992 1381 4069; x_wconf 89' lang='lat' dir='ltr'>quoque</span> 
     </span>
     <span class='ocr_line' id='line_1_27' title="bbox 209 4088 1378 4195; baseline 0.013 -31"><span class='ocrx_word' id='word_1_200' title='bbox 209 4088 417 4164; x_wconf 89' lang='lat' dir='ltr'>notitiarum</span> <span class='ocrx_word' id='word_1_201' title='bbox 446 4091 603 4190; x_wconf 89' lang='lat' dir='ltr'>subjecta</span> <span class='ocrx_word' id='word_1_202' title='bbox 633 4093 824 4190; x_wconf 85' lang='lat' dir='ltr'>cognoscit.</span> <span class='ocrx_word' id='word_1_203' title='bbox 856 4094 1010 4195; x_wconf 76' lang='lat' dir='ltr'>»Igitur</span> <span class='ocrx_word' id='word_1_204' title='bbox 1040 4098 1071 4173; x_wconf 92' lang='lat' dir='ltr'>si</span> <span class='ocrx_word' id='word_1_205' title='bbox 1099 4099 1258 4177; x_wconf 88' lang='lat' dir='ltr'>humana</span> <span class='ocrx_word' id='word_1_206' title='bbox 1288 4104 1378 4179; x_wconf 89' lang='lat' dir='ltr'>ratio</span> 
     </span>
     <span class='ocr_line' id='line_1_28' title="bbox 207 4218 1376 4333; baseline 0.015 -39"><span class='ocrx_word' id='word_1_207' title='bbox 207 4218 327 4297; x_wconf 88' lang='lat' dir='ltr'>futura</span> <span class='ocrx_word' id='word_1_208' title='bbox 348 4244 420 4298; x_wconf 89' lang='lat' dir='ltr'>non</span> <span class='ocrx_word' id='word_1_209' title='bbox 439 4225 608 4322; x_wconf 86' lang='lat' dir='ltr'>agnoscit,</span> <span class='ocrx_word' id='word_1_210' title='bbox 632 4248 705 4301; x_wconf 88' lang='lat' dir='ltr'>non</span> <span class='ocrx_word' id='word_1_211' title='bbox 717 4224 799 4301; x_wconf 53' lang='lat' dir='ltr'>&gt;ideo</span> <span class='ocrx_word' id='word_1_212' title='bbox 816 4233 916 4326; x_wconf 92' lang='lat' dir='ltr'>putet</span> <span class='ocrx_word' id='word_1_213' title='bbox 934 4250 975 4304; x_wconf 92' lang='lat' dir='ltr'>ea</span> <span class='ocrx_word' id='word_1_214' title='bbox 994 4229 1149 4307; x_wconf 83' lang='lat' dir='ltr'>divinam</span> <span class='ocrx_word' id='word_1_215' title='bbox 1170 4230 1376 4333; x_wconf 82' lang='lat' dir='ltr'>intelligen-</span> 
     </span>
     <span class='ocr_line' id='line_1_29' title="bbox 207 4353 1375 4463; baseline 0.015 -35"><span class='ocrx_word' id='word_1_216' title='bbox 207 4353 294 4430; x_wconf 91' lang='lat' dir='ltr'>tiam</span> <span class='ocrx_word' id='word_1_217' title='bbox 310 4379 383 4432; x_wconf 90' lang='lat' dir='ltr'>non</span> <span class='ocrx_word' id='word_1_218' title='bbox 397 4355 551 4454; x_wconf 81' lang='lat' dir='ltr'>intueri3</span> <span class='ocrx_word' id='word_1_219' title='bbox 566 4357 807 4458; x_wconf 89' lang='lat' dir='ltr'>justissimum</span> <span class='ocrx_word' id='word_1_220' title='bbox 823 4370 875 4438; x_wconf 89' lang='lat' dir='ltr'>ast</span> <span class='ocrx_word' id='word_1_221' title='bbox 891 4387 973 4463; x_wconf 85' lang='lat' dir='ltr'>ergo</span> <span class='ocrx_word' id='word_1_222' title='bbox 988 4363 1164 4440; x_wconf 91' lang='lat' dir='ltr'>rationem</span> <span class='ocrx_word' id='word_1_223' title='bbox 1178 4364 1375 4445; x_wconf 87' lang='lat' dir='ltr'>humanam</span> 
     </span>
     <span class='ocr_line' id='line_1_30' title="bbox 205 4474 1374 4592; baseline 0.01 -28"><span class='ocrx_word' id='word_1_224' title='bbox 205 4511 284 4565; x_wconf 90' lang='lat' dir='ltr'>sese</span> <span class='ocrx_word' id='word_1_225' title='bbox 301 4488 428 4567; x_wconf 88' lang='lat' dir='ltr'>divinae</span> <span class='ocrx_word' id='word_1_226' title='bbox 448 4491 556 4568; x_wconf 90' lang='lat' dir='ltr'>menti</span> <span class='ocrx_word' id='word_1_227' title='bbox 577 4492 805 4592; x_wconf 77' lang='lat' dir='ltr'>submittere3</span> <span class='ocrx_word' id='word_1_228' title='bbox 825 4516 908 4571; x_wconf 90' lang='lat' dir='ltr'>nam</span> <span class='ocrx_word' id='word_1_229' title='bbox 929 4493 967 4570; x_wconf 90' lang='lat' dir='ltr'>in</span> <span class='ocrx_word' id='word_1_230' title='bbox 985 4474 1081 4573; x_wconf 79' lang='lat' dir='ltr'>illius</span> <span class='ocrx_word' id='word_1_231' title='bbox 1100 4509 1249 4580; x_wconf 88' lang='lat' dir='ltr'>summae</span> <span class='ocrx_word' id='word_1_232' title='bbox 1268 4497 1374 4584; x_wconf 86' lang='lat' dir='ltr'>iutel-</span> 
     </span>
    </p>
   </div>
   <div class='ocr_carea' id='block_1_8' title="bbox 0 0 1624 5468">
    <p class='ocr_par' dir='ltr' id='par_1_8' title="bbox 0 0 1624 5468">
     <span class='ocr_line' id='line_1_31' title="bbox 0 0 1624 5468; baseline 0 8"><span class='ocrx_word' id='word_1_233' title='bbox 0 0 1624 5468; x_wconf 95' lang='lat' dir='ltr'> </span> 
     </span>
    </p>
   </div>
  </div>
 </body>
</html>
