3240 5468
727 400 905 471 ..32-

216 599 525 701 digressionem...
553 599 642 673 Cum
672 593 813 671 occasio
837 616 876 669 se
899 590 1037 667 dederit
1056 588 1101 667 de
1123 590 1282 664 doctrino
1310 614 1407 667 cum

217 734 293 811 viro
328 732 441 834 perito
478 728 723 829 colloquendi,
759 750 830 804 non
868 724 1013 824 quidem
1051 723 1096 800 de
1134 723 1319 826 principiis
1366 737 1407 803 et

218 866 368 944 historia
393 863 538 941 musicae
562 863 649 939 artis
674 861 803 957 solum,
838 859 901 936 sod
929 859 974 934 de
1004 858 1178 957 doctriua,
1204 859 1324 937 idest
1353 860 1406 937 de

218 998 419 1078 arctissimo
435 997 577 1076 vinculo
591 995 689 1096 quod
703 995 796 1070 inter
810 991 986 1069 musicam
995 990 1201 1068 coelestem·
1219 991 1407 1070 davidieae

217 1134 306 1235 lyrae
325 1173 339 1205 s
362 1143 396 1211 et
415 1166 431 1200 ι
451 1130 680 1210 beatitudinis
696 1127 849 1206 coelestis
863 1149 1011 1205 causam
1030 1123 1229 1204 intercedit.
1249 1160 1264 1192 2

634 1449 762 1519 alena
787 1447 981 1528 OUlNTUll.

267 1681 312 1735 nt:
338 1679 531 1735 scntstttnu
556 1678 659 1734 COELII
682 1677 872 1733 naumann
895 1676 940 1733 ΕΤ
963 1673 1107 1730 eunoun
1129 1672 1355 1730 anonumum

711 1793 901 1850 uetsroms.

277 2000 357 2073 lom
385 1997 470 2074 inde
493 2019 514 2071 a
540 1995 701 2096 pluribus
730 1995 836 2071 aunis
855 2017 997 2070 omnem
1017 2015 1162 2094 operam
1186 1990 1404 2070 admoverat

224 2128 383 2206 Gelasius
412 2153 518 2231 papa,
553 2136 591 2205 ut
625 2151 692 2229 pax
723 2136 757 2204 et
786 2127 977 2205 concordia
1003 2125 1211 2203 orientalem
1239 2124 1334 2203 inter
1364 2138 1422 2219 et,

223 2262 481 2340 occidentalem
509 2261 701 2340 Ecclesiam
721 2261 1004 2338 restituerentur.
1031 2258 1175 2336 Minime
1195 2267 1317 2336 autem
1336 2285 1402 2338 res

222 2406 453 2495 successerat,
487 2406 561 2473 tam
596 2405 741 2497 propter
783 2395 970 2494 Euphemii
1014 2392 1400 2495 Constantinopolitani

222 2528 434 2630 patriarchae
449 2528 653 2628 ambiguam
668 2528 797 2629 agendi
816 2528 1005 2624 rationem,
1027 2552 1138 2626 quam
1157 2551 1198 2604 er
1218 2529 1399 2605 Anastasil

224 2660 446 2763 imperatoris
470 2662 507 2738 in
532 2662 746 2762 eutychiano
765 2686 884 2739 errore
908 2662 1116 2762 pertinacia.
1133 2663 1303 2738 lutereae
1323 2662 1398 2739 rita

223 2793 329 2871 cessit
353 2793 512 2872 Gelasius
532 2817 637 2896 papa,
658 2818 754 2872 anno
777 2789 869 2892 496,
891 2803 926 2871 et
946 2796 981 2870 in
1001 2797 1079 2895 ejus
1091 2795 1207 2872 locum
1224 2793 1398 2871 suffectus

223 2938 277 3005 est
292 2929 500 3005 Anastasius
520 2929 565 3026 ΙΙ,
584 2928 648 3027 qui
667 2953 732 3028 per
751 2928 842 3004 duos
863 2935 1003 3004 tantum
1026 2949 1139 3004 annos
1165 2927 1254 3003 rexit
1278 2927 1395 3004 Eccle-

222 3059 325 3136 siam.
350 3062 427 3136 Jam
457 3070 562 3137 antea
589 3083 610 3135 a
634 3084 715 3160 rege
743 3060 961 3136 Theoderico
989 3059 1027 3135 in
1052 3060 1232 3136 Orientem
1261 3060 1395 3136 missus

224 3194 338 3271 luerat
352 3193 488 3293 legatus
504 3202 659 3286 senator,
676 3193 788 3270 Boetii
808 3202 992 3295 patronus,
1013 3195 1140 3270 Festus
1161 3192 1296 3294 Niger¹.
1315 3194 1395 3294 Hic,

223 3334 365 3401 mortuo
401 3349 506 3427 papa,
541 3327 692 3401 Romam
721 3325 825 3401 rediit
852 3349 893 3402 ac
917 3326 961 3401 de
986 3348 1191 3402 successore
1215 3326 1395 3402 anastasii

223 3456 409 3558 deligendo
433 3460 614 3559 permulta
640 3459 766 3537 callide
792 3459 938 3535 molitus
967 3468 1032 3535 est.
1060 3460 1170 3534 Fama
1189 3459 1256 3533 luit
1274 3457 1394 3559 ipsum

224 3591 412 3669 Anastasio
431 3592 637 3693 imperatori
659 3592 864 3692 promisisse
888 3617 966 3668 sese
991 3594 1113 3668 Romae
1135 3591 1255 3667 omnia
1284 3613 1396 3668 oona-

224 3735 344 3800 turum
360 3737 400 3800 ut
415 3748 585 3801 romanus
600 3725 760 3801 Pontiler
775 3723 961 3825 eligeretur
976 3724 1037 3823 qui
1056 3725 1206 3800 Zenonis
1226 3722 1395 3825 Epistolae

224 3857 327 3934 dictae
355 3859 517 3946 Ellotioo,
554 3882 619 3960 pro
648 3859 863 3959 eutychiano
892 3882 1012 3935 errore
1041 3859 1149 3952 datan,
1177 3881 1272 3933 anuo
1299 3853 1391 3953 482,

225 3988 471 4068 subscriberet.
501 3990 612 4090 Igitur
639 3993 799 4091 ejusdem
836 3991 930 4067 Festi
962 3991 1121 4068 artificiis
1156 4001 1191 4067 et
1228 3990 1394 4095 pecunia,-

223 4121 357 4198 lactum
381 4130 435 4200 cst
469 4129 518 4220 ut,
541 4146 625 4199 cum
653 4123 690 4198 iu
714 4122 1006 4200 Constantiniana
1029 4122 1181 4200 Basilica
1204 4122 1393 4222 eligeretur

225 4256 407 4333 Romanus
422 4255 580 4358 pontifex
597 4257 847 4357 Symmachus,
864 4280 906 4332 eo
921 4255 999 4358 ipso
1011 4265 1180 4358 tempore,
1191 4257 1228 4331 iu
1238 4254 1393 4331 Basilica

259 4537 268 4573 ί
291 4535 424 4600 Beronim,
435 4539 468 4589 ad
479 4553 577 4590 annum
589 4538 684 4591 Christi
697 4538 752 4589 toa.
