3240 5468
711 551 754 561 -
772 490 839 580 lla
860 547 905 561 -

222 706 373 782 chorum
393 701 538 799 familia,
561 726 641 801 quae
665 700 721 776 his
745 699 965 801 temporibus
989 698 1237 778 firmissimum
1260 698 1394 777 exstitit

222 850 345 914 contra
371 836 511 925 arianos
536 833 619 908 [idei
644 832 849 908 orthodoxae
877 831 1198 933 propugnaculum,
1225 840 1259 908 et
1284 833 1394 909 disci-

222 971 329 1070 plinae
340 967 585 1045 ecclesiasticae
596 964 1248 1064 observantissimaacfrequentissima
1260 963 1393 1043 schola.¹

222 1102 440 1177 Bibliotheca
463 1099 668 1174 bobbiensis
694 1122 756 1197 per
780 1106 893 1173 totum
918 1097 1077 1173 medium
1097 1123 1213 1175 aevum
1236 1099 1395 1200 percele-

220 1235 295 1310 bris
316 1232 459 1327 cxstitit,
487 1246 521 1306 et
546 1232 673 1306 doctus
700 1229 869 1305 llurulori
893 1231 1057 1306 codicum
1085 1226 1173 1328 700,
1193 1233 1254 1331 qni
1278 1233 1396 1308 adhuc

223 1365 354 1441 saeculo
382 1379 421 1438 x⁰
444 1365 502 1438 hic
527 1362 813 1457 asservabantur,
840 1363 1039 1461 catalogum
1060 1363 1169 1438 dedit.
1187 1366 1283 1440 Inter
1305 1388 1396 1465 quos

224 1478 419 1598 supersunt
434 1497 505 1571 duo
521 1495 660 1570 codices
681 1495 854 1589 Boulinoi,
876 1519 971 1573 nunc
998 1496 1182 1572 llediolani
1202 1497 1240 1572 in
1259 1497 1397 1574 ambro-

225 1633 325 1708 siana
342 1632 513 1706 librorum
530 1628 736 1705 collectione
752 1612 946 1729 depositi,e
961 1628 1095 1704 Bobbio
1110 1630 1310 1730 asportati¹,
1323 1630 1397 1731 qui,

227 1774 355 1866 praeter
374 1764 505 1839 librum
528 1764 572 1839 de
599 1759 840 1837 Consolatione
864 1761 1003 1860 singula
1023 1762 1206 1839 continent
1225 1762 1398 1863 opuscula

227 1897 434 1996 theologica,
452 1895 648 1995 etquidem
673 1894 798 1970 ordine
822 1895 1012 1994 sequenti:
1038 1891 1074 1970 1⁰
1096 1895 1198 1972 Liber
1218 1897 1259 1971 dc
1280 1897 1397 1971 Trini-

227 2045 318 2125 tote,·
339 2027 377 2104 b
393 2031 497 2106 Liber
516 2030 558 2105 dc
579 2013 694 2104 tribus
709 2028 883 2128 personis,
900 2053 965 2104 seu
985 2031 1111 2104 Utrum
1125 2033 1288 2119 Palen...
1306 2039 1397 2127 etc.;
1426 2042 1429 2048 '

228 2159 268 2240 3⁰
288 2163 391 2237 Liber
413 2163 590 2252 Qucncodo
609 2161 807 2237 substantia
826 2186 889 2236 seu
905 2163 946 2234 cle
961 2163 1261 2256 hebdomatibus,-
1282 2157 1322 2236 lt⁰
1341 2161 1398 2237 ht-

226 2294 341 2370 bellus
357 2297 396 2370 dc
414 2296 498 2369 Fide
513 2294 676 2369 catholico
686 2326 698 2388 ‚·
719 2287 758 2367 5⁰
775 2293 877 2370 Liber
893 2294 937 2369 de
952 2294 1091 2369 duabus
1107 2294 1244 2370 naturis
1262 2294 1397 2370 Cocttrc

227 2429 408 2526 Eutychen
424 2443 455 2503 ct
469 2428 685 2504 Nestorium.
707 2426 752 2501 Hi
772 2435 894 2502 autem
913 2427 1065 2524 codiceS,
1086 2427 1116 2502 si
1140 2427 1397 2504 recentioribus

179 2552 189 2558 ’
226 2585 268 2637 ac
301 2560 522 2660 peritissimis
556 2561 853 2660 paleographistis
891 2560 982 2638 fides
1016 2561 1216 2638 adhibenda
1247 2570 1317 2659 cst,
1353 2560 1399 2637 ad

229 2694 397 2772 saeculum
418 2711 458 2768 lx
472 2703 567 2771 certo
584 2694 763 2794 pertinent
773 2689 797 2768 ².
1421 2672 1424 2676 ¹

284 2831 482 2928 Supersunt
506 2838 540 2904 et
564 2828 624 2903 alii
647 2828 773 2929 optimi
800 2828 939 2905 codices
963 2851 985 2903 a
1012 2828 1256 2906 recentissimo
1286 2828 1419 2932 Boetii¹
1467 2877 1468 2882 Ν

230 2961 363 3038 editore
392 2961 518 3064 Peiper
544 2961 720 3059 recensiti,
749 2961 811 3062 qui
835 2960 1009 3062 opuscula
1041 2961 1237 3062 theologica
1265 2962 1399 3062 pariter

231 3096 397 3194 referunt,
425 3094 505 3194 plus
534 3095 698 3173 minusve
726 3095 924 3196 diligenter,
951 3096 1043 3173 inter
1072 3119 1161 3195 quos
1189 3103 1360 3172 notentur
1388 3123 1398 3168 ε

232 3228 270 3305 1ο
293 3229 409 3305 Codex
428 3229 699 3329 Tegernseensis
719 3254 739 3305 a
758 3229 1072 3306 benedictinorum
1094 3223 1310 3307 monasterio
1330 3230 1401 3307 Tc-

185 3437 187 3440 ,
231 3387 381 3463 gernsee
395 3361 433 3437 in
447 3362 607 3462 Bavaria,
621 3386 716 3439 nunc
731 3363 769 3439 in
785 3362 990 3440 monacensi
1000 3362 1216 3439 bibliotheca·
1224 3362 1401 3463 repositus

230 3495 418 3591 (Munich).
448 3495 513 3571 Hic
537 3496 659 3596 ceder,
686 3520 765 3575 saec.
794 3511 832 3592 x,
864 3494 1022 3572 continet
1051 3505 1204 3603 quatuor
1230 3493 1401 3596 opuscula

266 3878 274 3911 ¹
302 3871 512 3938 Montalembert,
524 3875 573 3928 Les
584 3874 688 3927 Molnee
699 3876 828 3938 d'Occtd.,
840 3880 904 3927 torn.
918 3875 950 3926 ΙΙ.
964 3892 975 3921 ι
988 3873 1023 3924 Le
1033 3871 1200 3938 palimpsesto
1210 3873 1243 3925 de
1252 3876 1278 3925 la
1286 3874 1405 3926 vaticane

230 3951 292 4004 d'od
304 3954 330 4002 le
342 3954 418 4018 genie
432 3954 501 4004 dela
514 3957 643 4018 patience,
656 3953 815 4019 personnifie
827 3954 891 4004 dans
908 3955 932 4003 le
949 3953 1064 4004 cardinal
1080 3953 1130 4006 ldai
1143 3970 1159 4006 a
1170 3955 1219 4006 tire
1230 3958 1255 4006 le
1268 3956 1302 4006 dc
1312 3956 1406 4020 Repu-

232 4034 304 4084 blica
316 4034 348 4083 de
362 4031 482 4093 Ciceron,
494 4037 629 4099 provenait
642 4037 675 4085 de
688 4040 756 4085 cette
768 4034 955 4097 bibliotheque,
968 4039 996 4083 et
1007 4039 1049 4084 cet
1061 4034 1161 4085 illustre
1172 4035 1325 4098 parchemin
1333 4038 1407 4098 porte

232 4127 329 4163 encore
354 4113 525 4176 l’inscription
548 4131 554 4164 :
576 4114 653 4164 Liber
674 4114 770 4164 Sancti
795 4112 953 4165 columboni
968 4113 1002 4163 cle
1021 4111 1130 4163 Bobbio.
1147 4114 1210 4164 Haec
1223 4114 1316 4163 eadem
1330 4112 1408 4162 verba

233 4191 358 4255 leguntur
372 4191 452 4239 etiam
464 4191 492 4239 in
503 4205 555 4240 nno
569 4190 658 4240 codice
672 4190 795 4238 Boetiano
807 4189 971 4239 bibliothecae
982 4189 1170 4252 imbrosianae,
1182 4193 1328 4243 Mediolani.

266 4281 279 4312 ¹
303 4265 426 4342 Theolog.
442 4279 658 4341 Litercturblatt,
673 4279 767 4338 Bonn,
780 4278 850 4342 1870,
864 4279 913 4328 col.
926 4277 982 4328 804.
995 4279 1067 4328 ldem
1080 4281 1191 4331 adstruit
1200 4296 1269 4332 unus
1283 4297 1298 4331 e
1314 4296 1409 4332 recen·

233 4357 344 4407 tioribus
366 4357 480 4408 Puteum
502 4359 654 4408 latinorum
668 4357 817 4419 editoribnS,
834 4359 900 4423 Aug.
919 4356 1116 4423 Reifferscheid,
1134 4360 1178 4423 qui
1194 4360 1221 4410 in
1236 4375 1283 4410 sua
1296 4361 1411 4412 Ambro-

233 4436 315 4486 sianae
328 4436 494 4488 bibliothecae
510 4437 684 4503 descriptione
701 4436 797 4487 diserte
813 4437 975 4486 demonstrat
991 4438 1107 4487 codicem
1126 4439 1280 4489 Boetianum
1300 4443 1412 4504 quatuor

232 4521 381 4586 theologica
401 4522 486 4572 Boetii
507 4525 631 4587 opuscula
652 4523 830 4573 continentem
853 4521 981 4572 eBobbio
998 4519 1135 4585 provenire
1152 4525 1179 4569 ct
1193 4520 1226 4569 ad
1248 4517 1411 4571 saeculumX

233 4600 376 4663 pertinere.
388 4602 476 4665 wien,
488 4602 590 4667 Gerold,
602 4602 673 4654 lssll.

1122 4715 1266 4775 '10
