3240 5468
735 377 888 458 ..1,

224 567 446 674 principibus
465 592 570 672 pares
593 575 678 674 aetas
698 567 813 670 prisca
840 569 1060 680 progenpit¹.
1086 605 1102 640 a
1130 577 1173 649 At
1197 577 1394 654 maximum

223 701 332 807 decus
352 701 436 778 huic
459 680 554 802 genti
574 677 734 809 advenit,
755 726 853 800 cum,
876 686 1070 805 annopost
1096 706 1276 785 Christum
1300 704 1406 808 3a5,

223 836 368 937 Anicius
380 834 545 936 Julianus
561 835 688 939 consul
702 835 811 936 fidem
827 835 1056 925 christianam
1067 841 1251 942 amplexus
1261 850 1326 919 est.
1340 844 1392 920 Ad

223 993 406 1074 summam
422 968 563 1068 laudem
584 967 745 1069 pervenit
764 968 885 1046 Anicia
906 994 1008 1069 gens,
1024 971 1147 1048 Anicio
1166 973 1281 1050 Probo
1301 999 1392 1052 oon·

223 1099 312 1200 sule,
328 1125 424 1179 anno
440 1097 529 1180 371.
542 1101 604 1208 1111
615 1101 777 1181 estenim
793 1102 934 1178 Anicius
945 1103 1133 1204 Petronius
1146 1107 1291 1204 Probus,
1304 1133 1391 1208 prae·

221 1236 335 1340 lectus
354 1237 470 1334 Urbis,
489 1235 553 1338 qui
573 1236 801 1337 Ambrosium
816 1235 1022 1338 praefectum
1038 1237 1278 1346 Mediolanum
1294 1240 1390 1318 misit

221 1369 288 1458 hoo
308 1369 503 1471 mandato:
525 1369 614 1449 vade
638 1392 712 1455 non
735 1368 910 1505 11111111,
932 1370 994 1447 sed
1010 1377 1048 1447 ut
1065 1371 1265 1476 episcopus.
1284 1375 1389 1498 Atqui

222 1503 431 1602 Ambrosius
447 1510 524 1604 erat
536 1505 652 1610 Probo
668 1495 889 1612 propinquus
905 1505 992 1582 1111
1008 1504 1080 1582 tide
1094 1504 1288 1613 christiana
1303 1531 1389 1584 con-

220 1614 396 1745 firmatus.
408 1636 626 1727 UxorAnieii
640 1637 994 1748 Prpbieratcelebris
1008 1606 1389 1747 1111111111111111111

221 1770 336 1850 Proba
339 1795 460 1873 ,quae
456 1773 631 1848 Centones
647 1770 691 1848 de
706 1771 835 1848 Christi
849 1772 921 1848 hist
908 1773 998 1849 utria
1014 1771 1207 1873 virgilianis
1224 1740 1386 1882 usisibus

221 1904 456 2009 adornaverat
458 1911 590 2004 ,atque
606 1904 757 2006 Alarico
766 1906 917 2011 Romam
933 1904 1134 2013 invadente,
1150 1927 1269 2008 cuma
1290 1929 1386 1984 non-

221 2011 329 2131 nullis
323 2037 491 2140 paganis
502 2037 785 2115 accusareturde
796 2038 903 2141 Porta
914 2003 1049 2146 Salaria
1064 2036 1232 2113 Barbaris
1245 2036 1384 2145 tradita,

220 2197 341 2252 ooram
360 2173 611 2251 accusantibus
631 2149 781 2249 immota
799 2171 1007 2274 permansit
1029 2171 1093 2246 His
1112 2171 1273 2276 versibus
1296 2195 1387 2282 opus

221 2333 328 2386 suum
351 2306 542 2408 legendum
559 2331 601 2385 ao
622 2305 697 2383 filio
724 2306 941 2383 tradendum
955 2304 1001 2381 ad
1021 2304 1238 2408 Arcadium
1229 2327 1387 2405 impera-

220 2450 335 2522 torem
351 2442 514 2521 mittebat
530 2442 692 2521 Fullonia
708 2440 822 2518 Proba
839 2469 847 2514 :

384 2690 575 2754 Romulidum
586 2689 704 2767 ductor,
721 2687 792 2752 olari
808 2687 856 2751 lux
872 2687 1060 2763 allemands,

379 2799 432 2862 Eoi
446 2800 497 2880 qui
511 2815 603 2877 regna
617 2797 706 2877 regis,
723 2795 926 2858 moderamine
941 2802 1032 2871 certo,

382 2906 456 2988 Spes
470 2904 561 2982 orbis,
577 2903 734 2984 fratrisque
749 2903 849 2980 decus,
868 2903 1003 2981 dignare,
1017 2900 1137 2963 ldaroue
1175 2943 1177 2949 ι

357 3055 359 3060 ·
381 3013 489 3078 Mutato
505 3012 535 3074 iu
550 3010 667 3089 melius,
684 3010 814 3073 diuinum
830 3026 989 3090 agnoscere
1004 3026 1136 3071 sensum.

381 3221 450 3284 llaec
467 3221 592 3299 rotagae,
608 3209 767 3297 servesque
782 3212 843 3292 diu,
861 3213 1017 3294 tradasque
1032 3212 1140 3274 minori
1232 3248 1234 3251 -

378 3327 514 3405 Arcadio,
531 3327 594 3389 haec
609 3324 685 3405 legat
699 3323 749 3417 ille
764 3329 814 3384 tuo
829 3321 940 3401 generi,
957 3321 1021 3382 haec
1035 3327 1085 3382 tua
1099 3335 1218 3398 semper

379 3435 510 3518 Accipiat
524 3433 686 3513 doceatque
700 3448 770 3493 suos
784 3430 915 3509 Augusta
929 3443 1056 3509 propago
1069 3426 1094 3515 ¹⁹.

274 3670 444 3749 Faltoniae
465 3669 578 3766 filius,
607 3664 852 3742 indubitanter
880 3660 1106 3758 christianus,
1131 3658 1245 3735 filiam
1261 3659 1390 3760 nuptui

222 3806 317 3885 dedit
350 3813 454 3880 atavo
487 3801 620 3898 Boetii,
666 3797 786 3876 Flavio
829 3793 957 3874 Manlio
1000 3793 1184 3870 Theodoro
1227 3793 1390 3889 consuli,

222 3930 424 4034 annotatt,
453 3936 510 4013 oui
535 3935 666 4010 librum
690 3935 730 4008 cte
754 3933 868 4007 Bouto
886 3930 958 4005 olto
982 3927 1159 4005 dedicavit
1183 3929 1226 4002 D.
1250 3928 1393 4026 Augus-

222 4073 331 4149 tinus.
350 4075 431 4174 lpse
454 4078 573 4146 autem
593 4057 832 4169 Hipponensis
851 4067 981 4143 Ductor
1003 4062 1048 4140 de
1071 4061 1190 4138 Anicia
1217 4071 1319 4161 gente
1343 4059 1389 4135 ad

223 4310 465 4323 ...---.--

256 4455 266 4489 ¹
292 4453 366 4509 Vua,
381 4452 426 4501 lib.
440 4451 471 4511 X,
484 4465 524 4514 ep.
539 4451 570 4499 ll.

253 4536 268 4598 ,¹
290 4534 373 4584 Cento
384 4532 474 4598 cirpil.
490 4532 590 4582 111111.
605 4535 631 4580 et
645 4544 672 4580 11.
688 4529 755 4587 Tast.
771 4527 936 4590 complexus.
950 4522 1153 4588 Halae-Magdeb.
1164 4523 1234 4601 1119.
