3240 5468
718 371 896 455 49..

223 600 366 678 poenam
385 569 605 653 'decernebat
628 575 804 673 Pontifex,
834 575 1069 676 frequentari3
1100 572 1139 654 3⁰
1162 610 1179 644 «
1196 564 1273 653 hus
1298 577 1394 654 varri-

222 718 313 786 tates
334 744 349 778 »
368 733 462 786 nunc
486 734 602 786 esse«
628 711 829 810 superfluas
853 747 868 778 «
894 733 936 786 ac
959 733 1064 810 posse
1086 711 1284 808 removeri‘3
1307 701 1392 787 4⁰'a

223 853 349 920 senatu
366 868 485 922 revera
506 842 646 920 sublata
665 843 773 920 luisse
794 841 1013 944 Lupercalia,
1030 854 1136 944 atque
1155 845 1263 921 etiam
1286 845 1392 920 «mi-

223 977 321 1054 noris
341 977 606 1078 superstitionis
623 977 869 1078 spectacutab
891 970 959 1053 »5⁰
974 960 1175 1053 senatorem
1192 978 1393 1055 Androma-

222 1110 344 1206 chum,
359 1110 419 1210 qui
439 1111 474 1185 in
492 1099 637 1188 Patrum
653 1121 830 1188 conventu
847 1109 953 1187 verba
967 1108 1099 1187 lecerat
1119 1135 1184 1212 pro
1211 1092 1392 1211 Luperca-

221 1242 310 1319 lium
330 1243 591 1321 restauratione
608 1243 843 1320 christianum
861 1242 972 1321 fuisse
991 1269 1031 1320 er
1049 1245 1083 1323 S
1101 1230 1229 1320 Gelasii
1245 1265 1392 1346 respon-

223 1376 332 1455 sione.
360 1361 438 1453 lam
464 1401 547 1455 vero
572 1378 601 1454 si
626 1377 790 1455 ethnicus
813 1377 939 1455 fuisset
963 1366 1119 1475 Boetius,
1147 1362 1229 1478 quis
1253 1378 1392 1455 dubitet

222 1510 310 1610 quin
339 1512 405 1589 hac
433 1511 517 1590 data
540 1512 725 1591 occasione
755 1513 811 1588 sui
840 1500 957 1589 cultds
986 1504 1202 1591 defendendi
1231 1491 1390 1588 olficium

223 1645 389 1723 alacriter
405 1646 622 1748 susceperit?
637 1648 707 1726 Sed
723 1647 851 1725 adalia
867 1673 1113 1749 properemus.
1249 1642 1252 1648 ’

276 1779 388 1857 Boetii
414 1779 559 1857 nomine
577 1781 744 1881 famaque
764 1789 948 1882 permotus
969 1779 1209 1858 Theodoricus
1223 1759 1295 1877 rex,
1313 1760 1392 1880 ejus

221 1909 424 2010 integritate
451 1920 486 1989 et
511 1913 653 1991 solertia
675 1912 822 1991 fretus
813 1915 882 2014 rpsi
904 1922 1056 1990 monetae
1086 1937 1211 1989 curam
1238 1892 1389 1990 deman-

222 2041 356 2122 davit².
387 2048 465 2122 Mox
496 2057 640 2147 rogatus
675 2047 915 2125 Theudoricus
958 2035 979 2122 a
1020 2046 1266 2166 Burgundium
1310 2071 1391 2164 rege

223 2177 455 2256 Gundobaldo
471 2179 515 2257 de
530 2180 714 2280 horologio
729 2181 876 2281 aquatili
892 2189 927 2258 et
940 2181 1049 2258 solari
1069 2180 1139 2258 ad
1131 2205 1249 2282 rpsum
1274 2192 1391 2256 trans·

222 2312 407 2410 mittendo,
441 2314 604 2391 Boetium
638 2322 760 2417 utpote
789 2315 1007 2394 mechanicae
1036 2314 1121 2390 artis
1150 2337 1192 2391 ac
1221 2313 1392 2391 mathesis

221 2445 481 2545 peritissimum
491 2448 536 2524 ad
551 2448 627 2525 baec
641 2471 751 2549 opera
766 2448 983 2548 perficienda
997 2447 1169 2543 invitavit,
1185 2445 1248 2524 illa
1263 2426 1392 2524 celebri

223 2579 385 2678 epistola,
413 2581 614 2658 Cassiodori
635 2606 743 2659 manu
771 2581 984 2682 conscripta,
1010 2581 1046 2656 in
1071 2604 1143 2679 qua
1163 2580 1261 2658 varia
1280 2560 1393 2657 Boetii

222 2712 259 2786 in
293 2713 448 2792 scientiis
478 2723 512 2791 et
542 2715 676 2792 artibus
703 2717 781 2816 jam
811 2723 915 2792 antea
939 2714 1089 2815 quaesita
1114 2715 1240 2792 merita
1270 2739 1390 2792 recen·

223 2855 356 2945 seritur,
386 2860 421 2924 et
454 2849 743 2926 mechanicarum
781 2849 912 2925 artium
949 2847 1120 2934 miracula
1156 2847 1391 2927 celebrantur.

224 2982 314 3056 Tum
331 2981 384 3056 his
404 2981 520 3058 verbis
536 2982 714 3060 concludit
731 3012 739 3056 :
761 3012 775 3047 α
794 2986 877 3061 Haec
891 2983 977 3083 quia
997 2981 1191 3059 studiosius
1212 2991 1246 3058 te
1265 2957 1393 3081 legisse

221 3148 240 3188 u
264 3115 506 3217 cognovimus,
527 3116 697 3217 praedicta
719 3117 821 3193 nobis
841 3101 1023 3216 horologia
1041 3115 1254 3216 quantocius
1274 3092 1390 3191 trans·
1471 3175 1472 3178 a

226 3282 241 3314 »
261 3247 400 3325 mittere
419 3248 639 3347 maturabis3
657 3257 695 3326 ut
714 3258 746 3327 te
763 3259 887 3327 notum
903 3250 939 3325 in
955 3249 1016 3325 illa
1031 3258 1130 3348 parte
1145 3248 1392 3326 mundilacias

226 3407 243 3450 »
263 3380 323 3454 ubi
340 3379 441 3457 aliter
457 3383 643 3481 pervenire
659 3406 729 3458 non
748 3394 900 3483 poteras.
917 3386 1120 3482 Agnoscunt
1135 3406 1199 3482 per
1215 3390 1247 3456 te
1266 3393 1393 3456 exterae

226 3542 241 3576 υ
265 3522 387 3612 gentes
417 3515 505 3590 tales
532 3539 596 3590 nos
625 3515 757 3591 habere
782 3514 930 3610 nobiles,
957 3512 1080 3613 quales
1108 3512 1274 3611 leguntur
1303 3536 1393 3588 auc·

228 3680 243 3713 a
267 3654 370 3723 tores.
390 3647 534 3733 Quoties
559 3672 629 3731 nou
646 3657 730 3724 sunt
745 3647 911 3724 credituri
927 3645 1023 3746 quod
1043 3644 1223 3723 viderint?
1249 3644 1393 3729 Quoties

227 3779 358 3856 »banc
393 3781 579 3858 veritatem
608 3781 740 3858 lusoria
773 3781 911 3858 somnia
942 3782 1147 3882 putabunt?
1176 3781 1218 3854 Et
1249 3780 1393 3880 quando

222 3948 240 3983 s
261 3910 394 3989 luerint
424 3936 444 3988 a
477 3922 623 4014 stupore
652 3915 826 4009 conversi,
857 3938 928 3990 non
965 3913 1147 3992 audebunt
1174 3936 1212 3989 se
1238 3912 1393 4011 aequales

223 4148 661 4166 m

258 4293 267 4328 ¹
377 4293 399 4304 ,,
521 4295 526 4306 ,
638 4292 641 4295 ⁴
708 4290 710 4295 ,

256 4371 269 4405 ¹
290 4290 630 4436 dadddlllso'pldlpcdddentia
641 4375 727 4422 vestra
738 4371 895 4422 lectionibus
907 4369 1008 4421 erudita
1017 4371 1170 4441 dogmaticis
1187 4370 1327 4424 scelestam
1342 4370 1391 4424 lal-

223 4455 328 4507 sitatem
339 4469 355 4504 a
367 4450 496 4502 consortio
509 4452 625 4503 veritatis
633 4452 728 4516 ejiciat,
741 4465 776 4502 ne
786 4452 829 4503 cui
840 4453 874 4503 sit
882 4450 1022 4516 appetibile
1034 4451 1133 4517 aliquid
1144 4453 1178 4506 de
1189 4453 1232 4506 illa
1244 4453 1393 4520 integritate

222 4534 379 4589 subducere.
390 4552 401 4581 ι
414 4531 551 4596 (Cassiod,
566 4531 641 4596 Van,
654 4531 700 4586 l'rb.
715 4532 736 4595 1,
751 4545 793 4596 ep.
806 4531 851 4594 X.)
