3240 5468
767 424 964 494 ..144-

280 614 391 706 dium,
421 637 462 687 eo
499 611 693 710 praesertim
723 622 894 712 tempore,
930 638 1002 712 quo
1034 614 1156 691 ariana
1190 617 1347 714 haeresis,
1385 622 1452 697 sub

280 744 475 821 Gothorum
503 744 664 843 imperio,
694 744 835 820 ltaliam
871 745 1061 845 invaserat,
1092 756 1197 846 atque
1227 749 1263 824 in
1294 751 1451 849 Oriente,

278 877 490 976 eutychiana
520 877 639 976 pestis,
662 877 802 954 favente
826 878 1038 978 imperatore
1060 881 1257 975 Anastasio,
1278 882 1452 960 violenter

277 1011 537 1111 crudeliterque
551 1010 726 1087 saeviebat.

331 1147 378 1220 Er
400 1144 453 1220 lris
471 1146 547 1243 jam
568 1145 608 1218 tit
633 1169 704 1221 non
726 1145 814 1221 levis
835 1149 1041 1245 conjectura
1065 1147 1219 1246 genuina
1242 1175 1322 1227 esse
1338 1175 1452 1251 opus-

278 1280 355 1354 cula
381 1277 576 1378 theologica
600 1302 679 1378 quae
703 1278 823 1355 Boetio
849 1279 1111 1374 adscribuntur,
1129 1280 1174 1357 de
1196 1282 1328 1381 quibus
1353 1307 1451 1360 nunc

278 1412 380 1488 nobis
404 1411 607 1488 dicendum.
631 1412 795 1512 Quinque
816 1413 992 1512 capitibus
1011 1413 1238 1513 potissimum
1261 1440 1337 1493 rem
1359 1441 1452 1494 nos-

280 1555 370 1620 tram
398 1544 634 1633 absolvamus,
668 1546 880 1623 disserentes
915 1579 922 1621 :
960 1543 998 1620 1⁰
1024 1546 1068 1624 de
1100 1547 1210 1623 Roetii
1239 1549 1450 1650 theologicis

277 1679 476 1779 opusculis3
500 1675 539 1754 9⁰
556 1680 601 1756 de
616 1680 776 1757 omnium
790 1688 935 1755 aetatum
950 1680 1044 1756 circa
1059 1681 1134 1757 baec
1149 1682 1324 1783 opuscula
1341 1685 1451 1759 tradi-

277 1813 408 1907 tione3-
429 1809 468 1892 3⁰
491 1815 535 1892 de
555 1814 750 1891 rationibus
771 1822 894 1890 contra
924 1838 1049 1890 eorum
1076 1840 1098 1891 a
1122 1815 1244 1891 Boetia
1272 1816 1450 1917 originem

276 1947 413 2040 allatis3
443 1944 483 2023 4⁰
511 1949 555 2024 de
585 1947 825 2025 contutatione
854 1948 917 2023 Th.
950 1947 1105 2043 Obbarii‚
1139 1947 1175 2026 C.
1204 1947 1378 2024 Jourdain
1415 1958 1450 2025 et

276 2076 464 2174 Nitzschi13
485 2080 529 2156 de
548 2080 674 2156 intima
691 2080 784 2156 inter
804 2079 1049 2181 philosophica
1067 2089 1100 2155 et
1119 2079 1314 2178 theologica
1333 2081 1449 2158 Boetii

276 2235 382 2311 opera
404 2213 636 2290 connexione.

701 2639 827 2710 CAPUT
851 2637 1017 2709 PRIMUM.

525 2942 570 2996 nt:
595 2941 709 2996 nonan
733 2941 961 2996 annotoalcts
985 2935 1209 2997 causatius(

328 3214 426 3288 Circa
446 3213 635 3289 duodecim
656 3213 793 3287 codices
815 3213 997 3288 continent
1018 3236 1060 3287 ea
1084 3235 1163 3311 quae
1183 3210 1276 3287 bunc
1301 3220 1444 3288 exstant

275 3345 432 3422 Severini
460 3346 568 3422 Boetii
597 3345 769 3447 opuscula
802 3347 847 3421 ad
880 3346 1093 3445 theologiam
1126 3344 1352 3444 pertinentia.
1392 3348 1443 3420 Ex

275 3478 330 3555 his
354 3480 425 3556 duo
449 3480 644 3581 praesertim
668 3489 837 3556 notantur
860 3479 919 3579 qni
948 3502 969 3553 a
994 3477 1122 3554 celebri
1145 3477 1229 3552 olim
1250 3477 1442 3554 Bobbiensi

275 3613 490 3690 monasterio
517 3613 741 3713 proveniunt,
761 3613 854 3690 circa
878 3635 1014 3687 annum
1035 3606 1111 3688 610
1132 3634 1152 3686 a
1169 3613 1203 3686 S.
1221 3609 1442 3686 Columbano

272 3743 432 3822 fundato.
454 3746 519 3820 Hic
538 3745 669 3841 floruit,
684 3747 759 3845 jam
778 3745 860 3821 inde
882 3769 902 3820 a
922 3745 1037 3845 primo
1057 3752 1137 3843 post
1156 3742 1267 3820 Boetii
1289 3749 1441 3819 mortem

274 3877 402 3951 saeculo
425 3876 630 3952 doctissima
660 3901 701 3954 ac
728 3878 948 3956 nobilissima
975 3876 1286 3952 Benedictinorum
1313 3898 1445 3952 mona-

273 4204 300 4253 30
316 4203 489 4266 congregatio
502 4204 555 4263 illa,
569 4202 657 4253 Romae
670 4205 791 4261 adunata,
804 4217 871 4252 anuo
883 4203 939 4264 bid,
952 4202 983 4250 ad
995 4201 1117 4263 praeviam
1130 4199 1310 4249 recitationem
1331 4200 1444 4250 audien·

272 4284 333 4333 dam
354 4285 482 4334 Carminis
499 4285 635 4348 cujusdam
653 4289 744 4348 poetae,
761 4284 873 4332 aratoris
886 4282 1001 4343 nomine,
1016 4279 1168 4330 subdiaconi
1179 4280 1301 4329 Ecclesiae
1315 4293 1442 4335 romanae,

273 4368 412 4427 antequam
425 4379 487 4429 opus
499 4363 683 4426 divulgaretur.
697 4363 759 4422 Qnae
771 4361 936 4425 congregatio
948 4359 1077 4418 litteratis
1094 4358 1177 4407 doctis
1192 4372 1223 4408 ac
1239 4357 1368 4422 religiosis
1379 4357 1444 4407 viris

273 4446 403 4501 constans,
427 4456 473 4505 per
495 4444 583 4505 plures
603 4442 659 4490 dies
679 4447 705 4490 et
726 4439 841 4502 repetitis
861 4438 960 4488 vicibus
979 4437 1066 4487 habita
1088 4442 1127 4487 est
1149 4438 1252 4502 migne,
1269 4442 1333 4488 tom.
1356 4436 1441 4497 Lxrv,

274 4522 323 4570 col.
335 4521 407 4583 tata,
419 4523 481 4572 Not.
495 4525 512 4587 ).
