3240 5468
180 615 255 753 nu
296 615 486 756 lurore
528 617 746 754 nunu
791 619 1071 756 suttune
1127 620 1331 759 couno

381 917 558 983 tuntttttttu
576 918 655 995 llflll,
680 919 867 985 tuttusuttttt
888 920 921 985 hc
942 920 1109 986 theutone.

583 1153 919 1207 moso——

566 1542 935 1631 PROOEMIUM

215 1795 380 1871 Anicium
405 1795 576 1872 Manlium
605 1798 816 1874 Severinum
844 1796 1010 1874 Boetium
1025 1798 1048 1898 ¹,
1086 1797 1203 1876 virum
1223 1798 1335 1876 cbris-

162 1927 313 2021 tiunum,
329 1949 468 2004 necnon
486 1927 739 2029 philosophum
758 1955 800 2008 ac
815 1931 1037 2032 theologum,
1056 1939 1180 2009 contre
1202 1932 1333 2008 critice

161 2061 213 2136 sic
244 2060 348 2136 dictae
377 2060 558 2138 hodierne
586 2063 738 2165 placitu,
767 2065 942 2144 tuendum
966 2075 1002 2142 et
1030 2065 1334 2167 propugnandum

161 2194 389 2294 suscipimus.
407 2193 502 2271 Huic
517 2196 612 2273 enim
628 2198 837 2276 doctissimo
856 2206 891 2277 et
911 2199 1133 2300 amplissimo
1153 2199 1246 2295 viro,
1271 2198 1334 2298 qui

160 2325 242 2402 inde
265 2348 286 2401 u
309 2327 550 2405 vetustissime
570 2336 673 2406 estete
700 2330 897 2409 hodiedum
914 2332 1080 2432 usquein
1097 2330 1333 2409 eeclesiePu-

154 2459 274 2559 piensi
290 2460 455 2559 religioso
474 2460 572 2538 cultu
592 2462 793 2560 decoretur,
810 2486 919 2564 quem
938 2472 1012 2541 tute
1032 2464 1226 2540 christiane
1248 2463 1333 2564 pbi-

143 2592 392 2694 'losopborum
415 2593 544 2670 Schola
567 2597 775 2693 veneretur,
803 2599 905 2697 cujus
933 2597 1109 2696 opuscula
1133 2595 1332 2694 theologice

160 2736 233 2805 tum
261 2726 452 2804 luculentis
476 2730 743 2805 commentariis
768 2729 958 2806 illustravit
982 2729 1113 2806 Doctor
1131 2720 1331 2827 Angelicus,

160 2860 323 2936 nonnulli
351 2883 370 2938 e
397 2868 521 2938 nostre
549 2869 669 2961 estote,
698 2862 795 2938 houd
824 2861 936 2960 ignoti
964 2861 1120 2938 nominis
1140 2861 1221 2957 viri,
1249 2860 1332 2936 fidei

160 2993 363 3070 christianes
394 2993 655 3096 professionem
693 2993 891 3094 denegent3
922 2993 1015 3094 'quin
1042 3001 1077 3070 et
1105 2992 1227 3093 spurio
1253 3016 1333 3068 esse

160 3148 269 3226 opere
303 3129 378 3228 ejus
408 3127 617 3226 theologice,
651 3126 858 3227 librumque
885 3127 991 3202 illum
1023 3127 1264 3226 percelebrem
1293 3128 1334 3200 ote

163 3255 405 3336 Consolatione
418 3261 638 3359 philosophie
657 3267 758 3336 tonte
778 3260 1035 3337 sententiarum
1054 3259 1238 3358 gravitate,
1258 3266 1334 3336 tem

160 3392 382 3492 elegentibus
410 3393 631 3469 carminibus
664 3393 853 3491 refertum,
880 3391 978 3468 nullo
1010 3391 1156 3489 quidem
1185 3390 1332 3490 vestigio

160 3534 343 3602 uuctorem
358 3526 593 3604 christianum
609 3527 743 3605 referre
758 3533 938 3604 esserunt.
957 3524 1024 3601 llii
1039 3535 1156 3602 eutem
1170 3525 1333 3601 Boetium

194 3851 204 3885 ⁴
229 3847 320 3900 Utrum
330 3848 459 3900 boethius
468 3850 510 3898 vel
520 3849 631 3900 Boetius
642 3849 812 3899 scribendum
822 3861 875 3897 non
886 3847 949 3897 setis
957 3850 1037 3910 patet,
1047 3860 1107 3896 cum
1117 3847 1144 3895 in
1155 3846 1335 3896 monumentis

160 3930 292 3994 inscriptis
313 3943 371 3992 quse
393 3933 540 3992 supersunt,
564 3929 687 3978 Boethius
708 3933 735 3978 et
759 3927 862 3978 Boetius
880 3926 1057 3976 inveniuntur.
1078 3925 1105 3976 Si
1124 3925 1240 3975 nominis
1256 3924 1335 3988 hujus

160 4011 232 4076 origo
244 4024 276 4059 ex
295 4023 380 4074 graeco
396 4009 468 4058 sonte
489 4008 643 4072 desumitur,
665 4005 779 4057 latemur
797 4007 891 4056 melius
911 4005 989 4056 scribi
1009 4005 1163 4055 Boethium.
1181 4004 1277 4055 Contra
1296 4007 1337 4054 est

159 4095 248 4140 autem
269 4089 430 4152 Procopius,
453 4089 497 4153 qui
516 4087 616 4150 Βοὲτιος
632 4093 661 4138 ut
680 4103 773 4139 verum
789 4088 875 4140 Anicii
893 4087 976 4138 nostri
994 4100 1090 4136 nomen
1106 4091 1220 4149 usurpat.
1238 4086 1334 4135 Doctus

160 4171 297 4220 Aschbocb
311 4171 371 4234 (Die
383 4172 495 4220 Anicier
506 4172 564 4221 und
576 4172 620 4220 die
630 4171 779 4220 roemische
787 4169 931 4218 Dichterin
943 4167 1039 4229 Probo,
1050 4166 1138 4226 Wien‚
1150 4165 1252 4224 Gerold‚
1264 4163 1334 4223 1870,

160 4266 184 4313 p.
200 4251 252 4313 tt),
273 4265 371 4299 nomen
392 4251 475 4300 Boetii
494 4266 509 4301 a
530 4251 620 4300 Boario
642 4251 697 4300 foro
721 4251 870 4312 detorquet,
890 4262 921 4297 eo
939 4248 1008 4310 quod
1032 4247 1115 4295 haeres
1133 4244 1212 4294 luerit
1231 4243 1334 4294 Boetius

160 4335 275 4392 psternae
287 4330 381 4378 domtus
394 4345 452 4393 quae
465 4330 492 4379 in
506 4330 635 4390 hocloco,
657 4344 711 4378 non
723 4330 800 4392 longe
815 4343 830 4377 a
843 4326 978 4390 Capitolio,
992 4326 1020 4374 in
1035 4328 1175 4387 conspectu
1189 4327 1252 4372 erat.
1267 4322 1333 4372 Rem

160 4424 266 4473 prorsus
283 4409 476 4459 indifferentem
494 4409 521 4457 in
536 4398 623 4458 medio¹
642 4408 831 4471 relinquentes,
848 4405 876 4455 in
893 4405 973 4467 hujus
988 4403 1104 4452 nominis
1122 4402 1271 4466 scriptione,
1289 4418 1334 4451 re·

160 4488 325 4538 centissimos
337 4487 418 4537 Boetii
433 4501 540 4549 opernm
556 4486 677 4546 editores
693 4486 781 4551 Migne
793 4490 819 4536 et
830 4484 924 4547 Peiper·
938 4481 1049 4532 insecuti
1063 4495 1160 4531 sumus.
