3240 5468
723 416 900 487 ..62-

231 651 247 684 s
279 635 335 687 me
350 608 603 688 conscientiam
622 606 793 708 polluisse
809 607 944 684 mentiti
961 621 1053 684 sunt.
1070 607 1174 706 Atqui
1191 616 1226 684 et
1247 617 1283 684 tu
1301 607 1398 706 (Phi-

232 779 246 812 s
277 743 455 846 losophia)
472 742 578 817 insita
594 741 709 839 nobis,
728 764 872 816 omnem
892 754 1011 816 rernm
1028 739 1233 817 mortalium
1256 741 1398 843 cupidi·

232 917 246 950 s
277 902 361 956 nam
389 877 434 954 de
459 876 571 955 nostri
600 874 710 952 animi
734 874 817 952 sede
842 873 1013 976 pellebas,
1039 882 1075 953 et
1098 875 1159 950 sub
1188 875 1257 950 tuis
1288 868 1398 950 curtis

232 1050 246 1082 s
277 1011 453 1110 sacrilegio
470 1009 579 1085 locum
595 980 666 1087 csse
679 1010 732 1108 (ac
747 1032 819 1082 non
834 1022 948 1085 crat...
965 1009 1034 1085 Nec
1051 1007 1284 1087 conveniebat.
1297 1008 1401 1084 ollis-

233 1179 249 1211 »
279 1144 446 1221 simorum
481 1167 534 1219 rac
565 1143 752 1242 spirituum
782 1139 947 1242 praesidia
966 1143 1131 1242 capture,
1160 1165 1270 1241 quem
1294 1151 1331 1218 tu
1360 1142 1401 1218 in

232 1314 246 1348 s
279 1279 370 1357 hanc
407 1276 651 1356 excellentiam
685 1273 943 1375 componebas,
987 1282 1027 1352 ut
1065 1275 1287 1353 consimilem
1325 1275 1401 1354 Deo

232 1449 247 1483 s
278 1409 425 1490 faceres.
450 1413 623 1489 Praeterea
648 1407 807 1510 penetral
831 1407 1004 1487 innocens
1024 1407 1163 1508 domus,
1184 1407 1400 1486 honestissi-

232 1581 247 1614 s
280 1567 422 1620 morum
461 1552 574 1621 coatus
616 1542 833 1640 amicornm,
874 1567 974 1620 socer
1011 1541 1117 1620 etiam
1157 1543 1399 1643 Symmachus

232 1714 247 1746 a
279 1684 435 1775 sanctus,
447 1687 481 1754 ct
491 1701 593 1777 acque
603 1685 681 1753 acto
696 1676 774 1777 ipso
789 1676 1016 1772 reverendus,
1033 1674 1078 1752 ab
1094 1673 1192 1752 omni
1207 1699 1274 1751 nos
1288 1675 1398 1776 huius

232 1845 246 1879 a
278 1811 435 1888 criminis
454 1811 657 1913 suscipione
675 1809 882 1888 defendunt.
905 1810 986 1907 Sed,
1007 1808 1165 1887 onelas!
1181 1808 1230 1886 illi
1250 1833 1333 1887 vero
1351 1809 1398 1887 de

232 1985 247 2019 s
279 1955 312 2023 te
328 1947 414 2023 tanti
425 1945 587 2023 criminis
601 1945 709 2022 [idem
726 1944 883 2046 capiunt,
901 1957 1007 2048 atque
1020 1943 1088 2021 boc
1104 1944 1182 2046 ipso
1197 1943 1397 2050 videbimur

232 2114 246 2148 s
278 2076 404 2155 affines
431 2078 545 2158 luisse
573 2077 763 2174 maleficia,
795 2081 892 2178 qnod
926 2078 996 2154 tuis
1025 2076 1153 2155 imbuti
1183 2076 1397 2178 disciplinis,
1493 2063 1500 2073 ’

232 2248 246 2281 a
278 2212 350 2288 tuis
364 2211 518 2288 instituti
533 2213 694 2289 moribus
710 2212 858 2289 sumus¹
879 2247 911 2290 a.

277 2344 360 2422 Haec
376 2354 450 2422 tam
465 2354 589 2448 aperta
602 2346 704 2446 probi
719 2345 787 2422 viri
802 2353 910 2444 atque
925 2345 1125 2423 innocentis
1141 2343 1312 2422 confessio
1324 2369 1398 2420 non

226 2487 281 2554 sat
295 2478 505 2555 convincere
523 2478 662 2556 videtur
677 2480 718 2553 D.
737 2473 906 2555 tadicist
921 2476 1022 2554 Dolet
1038 2477 1134 2554 enim
1152 2476 1313 2554 boetium
1329 2477 1398 2554 hoc

224 2610 303 2687 loco
327 2645 343 2676 α
362 2610 642 2710 aequivocatione
661 2645 677 2677 a
698 2634 804 2687 nsum
820 2635 911 2687 csse.
927 2609 1096 2689 Dolemus
1112 2617 1146 2687 et
1162 2633 1227 2686 nos
1243 2610 1287 2686 de
1300 2607 1396 2685 docti

225 2751 260 2819 et
278 2743 408 2821 eruditi
423 2743 488 2820 viri
505 2743 733 2845 praejudicata
752 2744 930 2844 opinione.
945 2742 1038 2832 Quid
1058 2743 1252 2844 profuisset
1270 2741 1394 2819 Boetio

225 2876 268 2955 ad
293 2876 459 2955 maleficii
485 2877 621 2957 crimen
644 2876 902 2977 repellendum,
926 2876 1060 2953 diserta
1083 2875 1286 2953 christianae
1308 2875 1394 2951 fidei

224 3010 427 3090 confessio?
451 3015 578 3089 Annon
603 3012 638 3089 in
664 3010 876 3089 christianos
895 3011 1005 3112 ipsos,
1027 3010 1135 3089 etiam
1153 3010 1190 3087 in
1209 3033 1394 3087 summum

224 3144 429 3246 pontificem
467 3145 724 3246 Symmachum
760 3145 916 3223 dolatum
952 3145 1018 3222 fait
1063 3145 1188 3243 magiae
1228 3143 1395 3220 criment

223 3277 345 3354 Boetia
360 3302 455 3378 ergo,
472 3277 697 3355 sanctissimo
713 3279 799 3375 viru,
816 3278 1023 3381 simpliciter
1038 3279 1130 3355 hanc
1147 3276 1392 3379 turpissimam

222 3411 484 3488 accusationem
502 3412 656 3512 neganti,
674 3413 789 3512 major
802 3412 891 3490 tides
910 3436 952 3490 ac
970 3411 1258 3514 quibuscumque
1278 3411 1394 3490 ratio-

223 3543 329 3621 nibus
343 3553 379 3622 et
394 3545 614 3646 argumentis
630 3545 810 3646 competit.

256 3868 265 3902 ¹
289 3867 406 3931 concon,
421 3869 501 3931 lib.1,
516 3885 555 3934 pr.
568 3871 584 3920 1

254 3949 266 3982 ¹
285 3948 401 3998 Accnser
412 3949 496 4000 Boece
508 3950 540 4000 de
554 3950 649 4015 magio,
662 3952 750 4002 e’etait
762 3952 888 4004 l'accnser
899 3954 1111 4005 non-seulement
1122 3954 1155 4004 de
1168 3954 1252 4005 croire
1263 3967 1298 4004 an
1310 3967 1389 4018 paga·

215 4031 315 4091 mame,
329 4031 396 4081 mais
407 4033 440 4082 de
449 4033 475 4082 le
485 4032 626 4096 prataquer.
648 4035 836 4101 L'irrculpation
851 4038 914 4088 etait
927 4038 1016 4098 claire,
1027 4042 1054 4087 et
1072 4037 1155 4086 Bobce
1175 4049 1210 4084 ne
1230 4034 1335 4100 pouaait
1352 4034 1392 4098 s’y

220 4113 391 4178 meprendre3
405 4115 471 4165 mais
485 4116 503 4165 il
517 4116 554 4165 lui
566 4115 628 4166 etait
639 4115 788 4180 impossible
802 4118 834 4167 de
846 4119 871 4168 la
883 4117 982 4167 reluter
994 4116 1224 4168 vintoniensement
1238 4115 1304 4178 (tlt),
1319 4115 1390 4164 aussi

220 4195 366 4249 esseio-t-it
386 4196 418 4249 de
436 4197 493 4248 s’en
515 4197 580 4247 tirer
599 4211 646 4261 par
665 4211 717 4247 uno
735 4196 922 4261 spumaque...
938 4198 1013 4248 Getta
1033 4195 1190 4261 denegarim
1209 4194 1388 4244 embmrassee

219 4275 350 4339 equitant,
362 4277 381 4327 il
395 4277 449 4327 taut
459 4277 523 4328 bien
534 4278 559 4328 le
571 4277 636 4340 dire,
650 4277 713 4328 tun
722 4291 802 4340 aveu;
815 4279 935 4341 et,apros
948 4279 1005 4328 cela
1019 4277 1076 4341 (tlt),
1087 4276 1106 4325 il
1117 4275 1185 4324 n'est
1198 4274 1278 4338 gnere
1290 4273 1391 4336 permis

218 4353 251 4402 de
263 4355 356 4405 deuter
366 4370 416 4419 que
425 4357 510 4407 Boece
519 4356 582 4406 n’ait
593 4357 635 4405 ete
647 4357 725 4420 paien
737 4355 865 4420 (Introd,
876 4372 901 4421 p.
911 4357 961 4421 ³6).
973 4356 1041 4422 Ergo
1052 4357 1084 4406 ad
1095 4353 1281 4420 Symmachum
1293 4365 1388 4417 papam

219 4430 299 4482 etiam
312 4433 411 4484 deterat
430 4433 625 4486 conclusionem
646 4451 676 4486 ex
698 4435 863 4486 accusatione
882 4436 984 4501 magiae,
1007 4440 1034 4485 et
1053 4434 1154 4486 fortiter
1172 4437 1273 4484 asserat
1289 4431 1388 4484 iudicis

218 4509 304 4575 ipsum
316 4526 418 4577 quoque
429 4528 523 4579 papam
534 4515 723 4567 indubitanter
733 4529 862 4580 paganum
875 4515 964 4570 baisse.
