3240 5468
698 455 893 525 -ttt-

216 663 361 730 sanctus
393 652 438 724 od
465 649 597 748 oliprrirt
624 647 825 723 referantur
854 669 1000 722 necesse
1022 656 1086 742 est,
1111 646 1208 746 quod
1234 680 1250 713 «
1280 648 1384 747 cujus

217 790 319 864 Pater
343 819 359 852 t·
387 784 558 883 quaeritur
582 811 590 854 :
616 781 653 856 in
679 781 752 856 Deo
776 788 908 876 aulem,
929 779 991 880 qui
1011 788 1065 857 est
1082 781 1227 878 veritus,
1248 780 1287 856 hi
1314 789 1385 857 tres

216 918 392 1020 conjuncti
407 924 504 1017 sunt,
518 940 589 1015 qua
608 940 651 991 ex
670 937 779 990 cause
796 914 1069 990 substantialiter
1086 915 1332 1014 predicentur
1352 923 1386 990 et

217 1077 328 1128 unam
343 1051 538 1146 veritatem,
559 1073 673 1123 unum
693 1049 805 1123 Deum
824 1043 1015 1125 efficiunt¹.
1036 1078 1052 1110 ι

271 1189 352 1262 llaec
382 1193 456 1259 tam
494 1182 687 1259 insolenter
720 1181 815 1257 dicta
848 1181 904 1256 vin
935 1180 1175 1257 contutatione
1214 1180 1385 1281 indigent.

217 1318 451 1420 Perspicuum
475 1326 529 1393 est
551 1324 673 1391 autem
699 1314 853 1390 Obbario
879 1313 1043 1389 Ariadne
1069 1313 1171 1388 filum
1197 1314 1325 1391 deesse
1351 1311 1388 1389 ut

217 1477 283 1529 sua
297 1476 390 1530 coeca
404 1449 551 1550 vestigia
566 1449 706 1548 dirigat.
721 1447 788 1523 Ubi
805 1447 898 1522 enim
914 1455 1021 1546 negat
1036 1445 1192 1544 Boetius,
1208 1446 1257 1522 ibi
1274 1447 1390 1523 Obba·

217 1588 293 1663 rius
307 1586 474 1686 ignorans
489 1583 657 1659 affirmat.
674 1585 735 1658 Est
748 1583 844 1658 enim
860 1580 972 1656 Bnetii
989 1580 1193 1657 conclusio:
1215 1614 1230 1644 α
1251 1584 1334 1670 Quo
1348 1583 1390 1658 fit

217 1732 257 1798 ut
275 1746 383 1822 arque
401 1721 518 1818 Pater,
537 1744 647 1819 reoque
660 1716 785 1811 Filius,
807 1741 916 1817 tueque
934 1714 1087 1816 Spiritus
1103 1727 1263 1812 sanctuS,
1280 1740 1392 1817 oeque

219 1852 382 1948 Trinitas,
404 1851 449 1927 de
468 1852 540 1926 lteo
564 1848 842 1925 substantialiter
866 1848 1087 1949 predicetur,
1107 1850 1170 1926 sed
1191 1859 1230 1926 ut
1250 1850 1392 1928 dictum

218 1994 271 2062 est
289 1987 334 2059 od
351 1983 515 2084 uliquid’.
537 2016 553 2047 n

271 2116 347 2191 Non
363 2113 501 2192 acutius
517 2111 687 2187 intellexit
708 2114 882 2192 Obbarius
902 2118 1138 2219 questionem
1152 2119 1196 2195 de
1210 2118 1334 2219 primo
1353 2129 1391 2197 et

217 2251 572 2337 secundorubrtoutio,
590 2273 654 2326 seu
670 2249 715 2326 de
730 2250 934 2348 individuis,
955 2277 996 2328 ao
1012 2253 1056 2328 de
1067 2253 1265 2353 speciebus,
1279 2262 1393 2354 atque

218 2385 452 2488 quaestionem
473 2386 518 2461 de
538 2409 680 2460 summo
699 2384 811 2461 Bone.
831 2387 931 2461 Hanc
958 2385 1146 2463 sublimem
1167 2387 1280 2464 Boetii
1301 2388 1396 2466 doc-

219 2523 349 2597 trinam
364 2520 415 2594 ita
428 2521 595 2619 deturpat
616 2551 624 2595 :

275 2688 292 2720 «
317 2657 508 2729 Summum
530 2652 619 2728 illud
643 2652 780 2729 bonum
806 2654 991 2730 nobiscum
1019 2655 1188 2742 'nescitum
1216 2662 1270 2730 est
1294 2654 1397 2731 idem

219 2786 316 2888 quod
338 2789 445 2886 Deus,
466 2792 500 2862 et
518 2785 688 2885 quoniam
709 2787 839 2863 summi
859 2789 942 2864 boni
962 2788 1154 2889 participes
1173 2810 1312 2884 sumus,
1328 2813 1399 2864 tros

219 2946 336 2996 ornnes
354 2921 404 2994 dii
423 2945 493 2995 csse
514 2915 710 2995 babemur³.
735 2951 749 2983 r
770 2924 860 2996 'lum
876 2923 981 3022 quasi
996 2922 1286 3023 indignabundus
1302 2948 1397 3023 pro-

220 3055 382 3154 sequitur
406 3053 609 3130 Obbarius:
635 3083 649 3114 v
672 3056 765 3129 Num
788 3054 863 3131 haec
885 3064 920 3130 et
944 3056 1027 3133 telio
1050 3056 1159 3132 bomo
1178 3080 1259 3132 vere
1275 3056 1400 3133 cbris-

219 3186 352 3280 tianus,
374 3186 472 3260 haud
490 3186 643 3261 multum
663 3195 745 3262 ante
764 3197 916 3264 mortem
940 3189 1058 3289 eloqui
1078 3188 1253 3290 potuitne
1274 3189 1399 3288 profi-

221 3318 285 3393 teri
302 3319 405 3394 lHoc
420 3318 540 3395 credat
556 3317 699 3393 Iudaeus
716 3319 856 3419 Apelle!
877 3357 891 3389 e

276 3450 368 3537 Quid
387 3450 472 3527 dicit
490 3461 610 3528 autem
631 3451 802 3528 Boetius?
825 3489 840 3518 α
867 3455 991 3530 Omnis
1009 3455 1117 3554 igitur
1136 3454 1261 3530 beatus
1281 3456 1397 3553 Deus,

254 3835 264 3867 ¹
286 3832 394 3896 Proice.
406 3832 465 3882 Loc.
481 3833 528 3882 cit.

253 3916 266 3948 ²
290 3911 388 3961 Utrum
402 3911 502 3972 Pater,
514 3913 562 3962 sub
574 3912 663 3962 finem.
689 3913 778 3962 Liceat
798 3913 873 3963 nobis
884 3915 970 3964 denuo
982 3915 1039 3964 baec
1052 3915 1145 3979 gallice
1164 3927 1305 3979 exponere.
1324 3916 1401 3968 Dens

220 4007 251 4043 ce
262 3992 328 4056 petit
339 3991 426 4048 uatte,
439 3991 523 4040 Boece
536 3991 626 4041 etablit
638 4007 689 4056 que
704 3994 742 4042 les
754 3993 873 4043 attributs
889 3995 993 4044 absolus
1012 4009 1040 4044 se
1055 3993 1160 4043 doivent
1179 3993 1295 4043 affirmes
1315 3994 1349 4043 de
1372 3997 1399 4046 la

219 4072 359 4122 substance
381 4069 466 4120 divine
488 4075 515 4120 et
535 4073 771 4136 consequemment
791 4075 823 4124 de
844 4079 930 4125 toules
948 4076 986 4125 les
1003 4089 1147 4139 personnes
1160 4074 1268 4133 divinos,
1282 4074 1328 4138 qui
1348 4081 1401 4126 ont

221 4158 305 4205 tontes
317 4153 381 4204 trois
395 4156 480 4202 tontes
495 4153 533 4202 les
547 4154 703 4217 perlections
717 4156 749 4204 de
762 4157 786 4206 le
798 4161 889 4206 nature
904 4157 999 4207 divine.
1014 4155 1076 4206 blais
1089 4154 1107 4203 il
1122 4154 1182 4204 n'en
1199 4157 1238 4204 est
1257 4167 1305 4216 pas
1325 4154 1400 4205 ainsi

220 4235 267 4283 des
289 4232 409 4283 attributs
429 4231 473 4295 qui
495 4233 634 4282 deconlent
654 4233 687 4282 de
709 4234 735 4282 la
754 4235 865 4284 relation
881 4240 955 4286 entre
971 4237 1011 4285 les
1026 4247 1175 4297 personnes.
1193 4231 1265 4282 Ainsi
1278 4246 1314 4281 on
1330 4241 1399 4296 peut

220 4313 276 4362 dire
301 4329 307 4360 :
328 4312 353 4361 le
375 4312 441 4362 Pere
462 4317 502 4362 est
516 4313 590 4375 Dieu,
610 4313 677 4363 mais
694 4328 747 4362 non
766 4315 791 4363 le
805 4315 871 4365 Pere
884 4320 922 4365 est
934 4316 960 4364 la
973 4313 1093 4375 bimaiti,
1107 4313 1133 4362 ni
1151 4314 1175 4362 la
1188 4310 1300 4362 Divinite
1313 4319 1356 4364 est
1371 4317 1398 4365 le

221 4393 296 4452 Pete,
312 4391 339 4440 ni
360 4393 384 4441 ln
396 4391 495 4441 Trinite
517 4399 557 4442 est
569 4396 594 4444 la
608 4395 729 4444 Divinite'.
742 4396 855 4447 Trinitas
865 4412 918 4447 non
930 4397 1044 4460 pertinet
1057 4397 1089 4445 ad
1103 4395 1283 4445 substantiam.
1302 4395 1340 4444 Ex
1354 4397 1398 4447 liis

221 4472 309 4607 eluce,t³
319 4470 460 4521 Obbarium
473 4486 507 4520 ne
519 4474 691 4535 quaestionem
704 4475 811 4538 quidem
821 4492 837 4526 a
848 4475 936 4526 Boetio
947 4477 1059 4525 solutam
1075 4480 1224 4527 assecutum
1237 4490 1305 4526 esse.

256 4553 268 4586 ⁸
309 4551 401 4615 roleq„
414 4565 440 4614 p.
454 4551 542 4603 XXVI.
