3240 5468
727 411 904 482 ,43-

287 587 335 660 Ex
364 581 597 660 orientalibus
621 580 797 683 episcopis
821 583 913 658 bene
935 582 1036 658 multi
1063 585 1246 663 caedibus
1271 589 1395 664 oxula-

232 690 331 793 ranas
354 716 406 792 td
426 718 522 816 ipsos
547 721 667 790 autem
691 713 964 789 consolatoriam
988 714 1174 816 epistolam
1197 717 1397 818 destinavit,

232 874 328 927 anno
347 842 437 941 512
454 846 691 948 Symmachus
706 869 810 946 papa,
826 868 958 945 eosque
975 853 1012 921 ut
1035 846 1173 925 fortiter
1192 858 1335 950 agerent
1356 875 1398 928 ao

232 1006 297 1083 pro
316 982 388 1059 fide
403 980 577 1058 catholica
592 986 735 1055 strenue
750 980 974 1056 decertarent
989 977 1176 1056 admonuit
1192 1012 1200 1058 :

287 1150 303 1184 a
334 1113 589 1214 Unusquisque
613 1137 696 1212 ergo
721 1113 822 1197 exilia
842 1121 877 1189 et
897 1113 1201 1215 peregrinationes
1224 1123 1397 1217 tanquam

234 1285 248 1320 a
280 1247 429 1324 domum
447 1245 672 1346 patriamque
689 1245 871 1346 respiciat,
888 1269 934 1322 ne
948 1244 1134 1322 desideriis
1148 1255 1307 1324 retentus
1326 1249 1398 1326 hu-

233 1414 249 1447 »
280 1379 398 1458 manis
414 1377 541 1454 Christi
556 1378 724 1455 societate
740 1378 908 1478 privetur.
924 1379 1012 1454 Ecce
1029 1386 1168 1479 tempus
1183 1403 1254 1480 quo
1269 1381 1398 1480 repetit

234 1550 249 1585 2
278 1515 368 1591 fides
392 1512 522 1589 milites
545 1537 641 1606 suos,
665 1521 700 1589 et
720 1512 888 1590 inclamat
909 1512 954 1587 ad
979 1512 1224 1589 defensionem
1249 1513 1303 1590 sui
1326 1513 1398 1591 ler-

232 1685 249 1720 »
279 1671 404 1726 vorem
432 1645 554 1746 gratiae
577 1656 798 1726 consecutos.
824 1647 946 1723 Fidem
971 1646 1087 1746 ipsam
1114 1645 1231 1722 dicere
1257 1647 1398 1748 judice·

230 1815 250 1853 a
282 1807 364 1858 mus
393 1811 401 1856 ε
429 1784 515 1859 Ecce
544 1789 686 1881 tempus
710 1779 879 1880 optabile,
907 1802 988 1856 ecce
1014 1779 1170 1854 fructum
1196 1777 1396 1856 desiderata

234 1914 441 1993 »fidelium
480 1913 704 2014 congregatio
745 1921 785 1988 ut
822 1912 941 2012 parvis
984 1910 1212 2014 passionibus
1247 1933 1395 2014 munera

233 2072 248 2105 υ
280 2061 411 2138 magna
426 2036 664 2138 compenset¹.
686 2071 701 2104 ι

282 2170 443 2248 Suaviter
458 2194 499 2248 ao
513 2171 650 2247 fortiter
669 2169 777 2247 simul
797 2169 992 2246 Orientales
1017 2169 1263 2269 alloquebatur
1290 2174 1396 2275 Sym-

227 2305 385 2382 machus.
402 2305 531 2406 Incipit
549 2304 646 2381 enim
661 2305 737 2381 haec
752 2305 879 2382 eadem
894 2303 1044 2405 epistola
1060 2304 1117 2379 his
1132 2304 1298 2404 gravibus
1315 2329 1396 2382 ver-

225 2438 279 2515 bis
301 2468 309 2511 :
334 2469 351 2502 a
376 2440 477 2529 Quod
491 2439 570 2537 fieri
579 2438 685 2536 plane
699 2439 870 2538 cupimus,
891 2438 923 2512 si
942 2462 1015 2536 quaa
1034 2437 1214 2512 scribimus
1231 2439 1395 2537 implanav-

226 2585 333 2648 tur....
354 2604 374 2642 a
392 2571 571 2648 Recedant
586 2595 669 2671 ergo
684 2595 847 2647 omnesa
867 2569 1120 2646 communione
1141 2569 1257 2646 Aeacii
1278 2570 1395 2648 baere·

226 2702 310 2796 tinia
339 2704 416 2803 ejus
445 2726 577 2779 nomen
605 2727 626 2778 a
650 2703 826 2805 diptychis
851 2701 1015 2779 Ecclesiae
1039 2700 1195 2797 deleant,
1227 2712 1303 2778 tum
1331 2727 1395 2780 eos

226 2834 425 2914 iterumad
449 2859 553 2912 suam
580 2836 871 2912 communionem
899 2858 1083 2910 summum
1110 2832 1314 2933 pontificem
1337 2860 1396 2912 re-

225 2977 413 3071 cepturum
440 2994 520 3049 esse
543 2993 585 3048 ac
611 2993 704 3048 nova
728 2966 977 3047 benevolentia
1000 2965 1284 3069 complexurum.
1311 2970 1395 3048 Haec

225 3112 346 3181 autem
374 3103 543 3206 Epistola,
573 3103 723 3180 Ennodii
752 3127 863 3180 manu
891 3110 1047 3202 exarata,
1076 3100 1161 3178 data
1187 3110 1240 3179 est
1268 3109 1394 3183 octavo

224 3237 310 3315 Idus
326 3237 479 3314 octobris
498 3269 513 3304 «
532 3246 613 3337 post
632 3237 770 3334 Felicis,
787 3237 852 3314 viri
875 3234 1073 3336 clarissimi,
1089 3235 1349 3315 consulatum&
1375 3265 1390 3300 a

225 3369 304 3445 Fuit
323 3377 446 3447 autem
469 3370 590 3447 consul
612 3371 719 3468 Felix,
736 3393 830 3448 anno
846 3366 945 3465 5113
961 3370 1150 3449 reserenda
1169 3378 1224 3448 est
1243 3395 1327 3470 ergo
1348 3371 1393 3446 ad

223 3502 413 3581 orientales
428 3503 587 3605 Epistola
606 3504 651 3582 ad
666 3529 801 3582 annum
816 3500 894 3583 512
908 3505 1149 3607 incipientem.

276 3636 366 3714 Huic
381 3636 597 3716 documento
610 3638 719 3716 etiam
736 3639 898 3742 apprime
913 3648 1098 3738 consonat,
1119 3646 1191 3716 tam
1210 3663 1331 3718 rerum
1351 3665 1392 3718 ac

223 3769 403 3848 rationum
419 3772 520 3867 serie,
537 3781 613 3849 tum
627 3776 818 3851 verborum
833 3775 1092 3874 significatione
1113 3773 1265 3852 Ennodii
1281 3773 1391 3852 dictio

223 3900 357 4003 sexta³,
373 3908 604 3984 deHrnraticia
619 3909 659 3983 iu
672 3909 826 4008 Synodo,
840 3932 948 4008 quam
960 3932 1081 3984 coram
1092 3910 1239 3984 Patrum
1249 3916 1388 4002 senatu,

222 4035 260 4111 in
277 4038 504 4135 Consistorio,
522 4048 562 4115 ut
576 4039 743 4128 creditur,
759 4041 919 4118 recitavit
933 4041 1010 4140 ipse
1031 4064 1196 4117 summus
1216 4040 1388 4140 pontifex.

256 4269 266 4304 ¹
287 4268 414 4322 Baromus
424 4274 456 4323 ad
469 4287 568 4323 annum
582 4275 636 4325 512.
648 4275 710 4326 Haec
721 4276 819 4327 verba:
835 4294 845 4322 r
859 4291 921 4327 ecce
934 4277 1059 4327 fructum.
1068 4311 1090 4327 ..
1112 4294 1123 4324 a
1138 4278 1227 4328 locum
1241 4280 1311 4325 certo
1328 4287 1388 4326 cor-

221 4354 325 4412 ruptum
338 4351 485 4404 obscurant.
496 4353 594 4404 Forsan
604 4356 745 4421 legendum
760 4373 766 4406 2
780 4357 947 4418 desiderans,
960 4357 1017 4407 loco
1028 4358 1190 4409 desiderato.

254 4429 266 4461 ¹
287 4428 421 4495 Remulus,
435 4432 467 4482 ad
479 4445 578 4484 annum
588 4432 645 4487 5²12.

254 4511 267 4546 ⁸
287 4509 383 4578 Eique,
396 4518 416 4564 t.
428 4513 517 4579 LXIII,
529 4515 579 4567 col.
591 4516 646 4568 171.
