3240 5468
724 462 768 475 ...
792 399 900 494 og..

228 613 314 690 dum
338 589 529 690 verisimile
553 622 623 708 est,
650 615 747 715 qnod
772 590 996 726 propositum
1014 618 1136 695 forsan
1158 591 1395 724 interceptum

228 745 317 846 luit,
336 770 388 860 ¹ac
416 737 664 845 immutatum,
694 757 772 824 tum
800 753 1010 828 necessitate
1036 725 1214 854 purgandi
1239 726 1413 837 criminis

228 882 323 982 apud
341 890 516 981 posteros,
529 890 608 958 tum
623 882 742 959 studio
753 883 968 962 firmissimae
981 885 1018 962 in
1028 887 1188 965 divinam
1198 881 1396 970 Providen-

228 1012 312 1089 tiam
324 1013 408 1090 fidei
425 1013 644 1127 profitendae,
661 1016 766 1091 etiam
777 991 1042 1095 luctuosissima
1057 1019 1266 1099 imminente
1282 1024 1355 1101 sato
1370 1015 1395 1102 ¹.

281 1146 380 1222 Circa
400 1148 635 1246 quaestionem
657 1147 724 1224 viae
749 1172 791 1224 ac
815 1149 973 1226 methodi
996 1152 1154 1229 veritatis
1180 1151 1408 1255 indaganda

226 1279 383 1393 multum
396 1289 559 1357 versatus
573 1290 627 1358 est
641 1281 787 1359 Boetius
806 1278 831 1379 ⁹,
851 1306 893 1359 ac
912 1307 984 1360 non
1004 1260 1122 1362 solum
1141 1285 1185 1362 de
1207 1289 1392 1388 purganda

225 1411 452 1512 philosophia
476 1437 590 1514 graeca
615 1409 843 1524 Pythagorae,
868 1415 1027 1493 Platonis
1069 1425 1104 1493 et
1124 1419 1319 1497 Aristotelis
1347 1421 1393 1498 ab

224 1545 406 1623 erroribus
429 1547 672 1645 ethnicorum,
699 1548 905 1626 iudaeorum
932 1557 967 1626 et
986 1527 1327 1651 Alexandrinorum,
1350 1551 1403 1632 er

224 1681 427 1769 domesticis,
449 1689 490 1756 ut
508 1680 586 1780 ipse
611 1681 672 1777 ait,
696 1680 997 1783 probationibus³
1019 1686 1242 1786 excogitavit,
1269 1660 1394 1765 rerum

225 1812 332 1889 etiam
365 1815 448 1913 fidei
476 1814 672 1891 christiana
708 1815 832 1890 Moneo
869 1833 1154 1914 argumentorum
1192 1821 1394 1920 adjumenta

219 1962 387 2046 praestare
399 1943 428 2036 ‘,
445 1948 548 2047 fidem
563 1947 799 2047 rationemque
817 1951 1024 2047 conjungere
1037 1948 1050 1991 ⁵
1064 1950 1101 2026 in
1118 1953 1239 2029 animo
1255 1951 1405 2031 habuit:

223 2081 308 2160 ldeo
334 2088 472 2158 tautum
493 2057 635 2183 pondus
654 2081 692 2158 in
716 2082 934 2160 addiscenda
953 2083 1138 2162 dialectica
1158 2086 1297 2188 reponit
1310 2084 1335 2186 ⁶,
1352 2112 1394 2166 ac

226 2474 235 2503 ι
254 2457 340 2520 operis
360 2456 439 2520 hujus
452 2455 574 2516 utilitate,
592 2470 696 2506 necnon
717 2456 797 2506 etiarn
811 2455 898 2516 laude,
914 2456 1106 2517 contenderim,
1125 2469 1178 2522 qua
1198 2458 1226 2508 in
1244 2473 1273 2509 re
1294 2458 1396 2511 faveant

225 2555 235 2582 ι
253 2541 355 2601 oportet
375 2551 440 2600 qnos
458 2537 530 2586 nulla
547 2536 635 2600 coquit
652 2534 774 2585 invidia»
796 2534 870 2599 (dib.
886 2534 1053 2599 delaterp„
1073 2536 1135 2613 edit.
1156 2537 1278 2600 secund.‚
1299 2537 1345 2588 lib.
1360 2538 1407 2600 Il,'

222 2622 319 2685 iligna,
334 2627 355 2671 t.
371 2623 456 2683 LXIV,
469 2623 519 2673 ool.
531 2623 597 2688 d33).

257 2704 266 2736 ¹
291 2719 302 2747 a
317 2702 350 2752 At
368 2716 429 2751 vero
441 2702 485 2752 hic
497 2703 577 2752 etiam
590 2703 686 2754 nostris
697 2704 774 2754 malis
792 2705 913 2754 cumulus
926 2701 1035 2756 accedit,
1054 2700 1123 2764 quod
1143 2698 1299 2748 existimatio
1311 2698 1394 2764 pluri-

225 2798 235 2825 ι
253 2793 366 2842 morum,
380 2794 434 2828 non
446 2795 535 2830 rerum
546 2783 649 2842 merita,
660 2785 705 2833 sed
722 2783 830 2833 tortunae
852 2787 952 2846 spectat
972 2786 1105 2844 eventurn,
1119 2794 1201 2844 eaque
1213 2785 1315 2830 tantrnn
1325 2779 1396 2843 judi·

225 2879 235 2908 »
249 2864 298 2910 cat
309 2875 367 2911 esse
377 2862 479 2925 provisa
492 2876 550 2924 quae
564 2862 674 2913 felicitas
686 2863 908 2912 commendaverit
923 2880 932 2909 ι
950 2861 1078 2924 (Consul,
1091 2861 1136 2911 lib.
1154 2861 1175 2922 I,
1188 2875 1227 2924 pr.
1242 2861 1276 2924 d).

255 2946 266 2977 ¹
288 2941 407 3004 Persaepe
415 2940 528 3004 occurrit
538 2941 565 2989 in
576 2941 679 3004 scriptis
689 2941 771 2990 Boetii
782 2942 899 2991 anaiade
910 2941 1033 2990 methodo
1042 2941 1221 3004 investiganda
1231 2941 1377 2990 sollicitudo
1388 2958 1394 2990 :

147 3062 149 3067 .
225 3040 235 3068 o
254 3021 436 3072 Aristoteles...
445 3021 650 3085 veripropinqua
660 3021 897 3072 rationedotiniens
911 3060 926 3070 ..
936 3021 1140 3084 sactusestpons
1153 3015 1371 3070 introductionis.
1384 3037 1394 3064 ι

222 3130 253 3140 -
265 3122 274 3148 ι
286 3103 396 3167 Egomet
405 3102 519 3165 aliquem
529 3102 720 3166 quodammodo
730 3107 840 3164 pontem
850 3115 948 3164 ponere
960 3119 970 3146 o
984 3127 1016 3138 -
1031 3118 1041 3146 a
1054 3100 1253 3151 introductionis
1265 3104 1394 3164 temepra-

225 3203 240 3230 ι
254 3187 374 3232 mentum
387 3183 473 3232 facere
487 3199 498 3230 n
513 3209 544 3218 -
567 3182 704 3246 «quadam
723 3181 796 3244 quasi
811 3179 992 3244 intelligentiae
1012 3180 1153 3229 luctatione
1173 3180 1317 3243 praeludere
1334 3197 1345 3226 a
1364 3207 1395 3216 -

225 3279 235 3308 ι
253 3261 394 3325 quemdam
415 3260 488 3322 quasi
507 3260 631 3309 ordinent
650 3259 784 3321 filumque
796 3257 955 3320 disponendo
968 3258 1163 3322 disciplinarum
1185 3258 1280 3323 gradus
1291 3259 1406 3309 tradere?

223 3357 237 3385 a
254 3339 375 3389 constitui
388 3343 416 3387 ut
425 3339 474 3388 uiae
484 3354 514 3388 eu
525 3339 568 3388 srlo
579 3341 691 3402 quodam
701 3339 825 3402 procedat
834 3340 908 3387 ratio.
922 3356 932 3384 r
946 3365 976 3375 —
989 3339 1075 3389 «Sunt
1083 3339 1154 3388 enim
1164 3339 1269 3402 quidam
1280 3340 1395 3403 gradus,

223 3435 236 3467 a
254 3424 384 3481 certaeque
396 3418 606 3483 progressionum
619 3419 804 3476 dimensiones,
818 3418 912 3481 qulbus
928 3417 1034 3466 ascendi
1046 3417 1219 3481 progredique
1234 3418 1325 3480 possit,
1339 3434 1350 3463 ι
1363 3445 1400 3456 --v

223 3517 236 3543 o
252 3499 356 3563 gradus
367 3499 397 3547 iu
408 3499 546 3548 scalarum
558 3499 637 3549 modo
648 3499 775 3562 dispositi,
785 3497 880 3562 quibus
889 3497 922 3546 ab
931 3497 1054 3547 interiore
1061 3498 1094 3547 ad
1105 3499 1224 3561 superins
1233 3499 1395 3548 elementum

226 3599 236 3626 s
254 3581 288 3630 sit
301 3593 433 3629 aseensus.
449 3597 460 3626 r

257 3663 269 3694 ³
291 3658 406 3717 Consul,
418 3658 462 3707 lib.
474 3656 520 3718 lll,
532 3663 572 3721 pr.
588 3657 627 3720 ta,
642 3657 736 3723 Migne.
749 3661 767 3707 i.
780 3655 869 3719 LXIII,
884 3657 935 3708 col.
950 3657 1006 3709 rat.

256 3740 269 3773 ⁸
288 3738 344 3788 Lib.
356 3739 390 3787 ale
403 3738 546 3800 Trinitate,
558 3752 582 3787 c.
596 3749 631 3786 vt.

257 3823 269 3856 ὅ
293 3820 391 3870 Utrum
405 3820 495 3882 Pater,
516 3821 548 3870 ad
561 3820 709 3871 iohannem
725 3820 864 3869 diaconum
887 3836 893 3869 z
916 3837 926 3865 r
948 3816 1102 3883 Diligentius
1122 3815 1222 3864 intuere
1243 3827 1301 3878 quae
1324 3813 1394 3864 diota

225 3919 235 3947 ι
253 3904 324 3962 suni,
339 3905 365 3950 et
377 3901 456 3950 fidem
471 3901 493 3950 si
505 3900 601 3965 poteris
613 3900 794 3964 rationemque
808 3901 946 3965 conjunge.
961 3918 972 3947 ι

255 3983 267 4016 ⁶
290 3981 344 4030 Hoc
358 3980 439 4039 Boetii
451 3979 589 4030 consilium
609 3981 667 4029 luce
680 3980 775 4029 clarius
792 3981 877 4029 elucet
896 3979 923 4027 in
941 3979 1052 4044 Prologo
1072 3977 1142 4027 Libri
1163 3976 1267 4027 Alcuini
1287 3977 1320 4026 cle
1341 3976 1395 4038 fide

222 4061 333 4111 Sanctae
353 4065 380 4110 et
397 4060 545 4109 individuae
564 4058 715 4122 Trinitatis,
736 4062 768 4110 ad
783 4061 972 4124 Imperatorem
984 4059 1126 4111 Carolnm:
1144 4057 1220 4106 Hunc
1235 4057 1329 4107 librum
1341 4072 1395 4106 non

223 4140 323 4204 scripsi,
333 4141 370 4190 eit
382 4139 518 4202 Alcuinus,
532 4138 605 4202 quasi
617 4139 674 4203 tibi,
685 4141 839 4205 Imperator,
849 4139 914 4190 fides
926 4139 1068 4189 christiana
1080 4139 1214 4203 incognita
1226 4145 1304 4197 esset,
1317 4139 1393 4189 sed...

226 4228 279 4272 «ut
298 4224 480 4272 convincerem
502 4237 547 4272 eos
565 4221 722 4286 (sacerdotes
735 4217 782 4268 liei
801 4232 831 4266 ao
852 4217 937 4280 populi
960 4216 1152 4280 praedicatores)
1165 4216 1208 4278 qni
1222 4215 1310 4266 minus
1331 4216 1394 4266 utile

227 4322 236 4348 a
256 4319 312 4353 esse
323 4305 504 4354 existimabant
513 4309 625 4353 cestram
637 4300 826 4350 nobilissimam
839 4301 1012 4348 intentionem
1025 4296 1168 4346 dialecticae
1177 4295 1329 4358 disciplinae,
1341 4296 1394 4343 dis-

227 4398 315 4432 »crare
329 4384 396 4433 velle
417 4385 535 4432 rationes
556 4396 624 4445 quas
646 4383 727 4432 Pater
749 4380 917 4443 Augustinus
939 4380 969 4426 iu
991 4377 1068 4426 libris
1087 4377 1120 4424 de
1141 4375 1243 4424 Sancta
1262 4376 1395 4424 Trinitate

226 4483 236 4510 a
255 4464 371 4528 apprime
391 4464 558 4514 necessarias
569 4477 626 4512 esse
635 4460 751 4524 putauit,
767 4460 834 4508 dum
845 4454 1076 4521 protunatsstmoo
1093 4456 1126 4504 de
1139 4454 1243 4504 Sancta
1261 4452 1393 4506 fatuitate

207 4543 211 4552 '
226 4562 238 4593 ι
255 4544 417 4608 qrroesttoues
431 4543 541 4594 nonnisi
551 4539 752 4605 categoriarum
763 4538 914 4589 subtilitate
927 4537 994 4588 solui
1002 4549 1081 4602 posse
1090 4534 1224 4598 probavit.
1237 4553 1249 4582 ι
