<?xml version="1.0" encoding="UTF-8"?>
<!DOCTYPE html PUBLIC "-//W3C//DTD XHTML 1.0 Transitional//EN"
    "http://www.w3.org/TR/xhtml1/DTD/xhtml1-transitional.dtd">
<html xmlns="http://www.w3.org/1999/xhtml" xml:lang="en" lang="en">
 <head>
  <title>
</title>
<meta http-equiv="Content-Type" content="text/html;charset=utf-8" />
  <meta name='ocr-system' content='tesseract 3.04.00' />
  <meta name='ocr-capabilities' content='ocr_page ocr_carea ocr_par ocr_line ocrx_word'/>
</head>
<body>
  <div class='ocr_page' id='page_1' title='image "./deamseverinoboe00bourgoog_0070.png"; bbox 0 0 3240 5468; ppageno 0'>
   <div class='ocr_carea' id='block_1_1' title="bbox 724 404 903 480">
    <p class='ocr_par' dir='ltr' id='par_1_1' title="bbox 724 404 903 480">
     <span class='ocr_line' id='line_1_1' title="bbox 724 404 903 480; baseline -0.006 -19"><span class='ocrx_word' id='word_1_1' title='bbox 724 404 903 480; x_wconf 78' lang='grc'>...55-</span> 
     </span>
    </p>
   </div>
   <div class='ocr_carea' id='block_1_2' title="bbox 222 596 1398 4165">
    <p class='ocr_par' dir='ltr' id='par_1_2' title="bbox 222 596 1398 3234">
     <span class='ocr_line' id='line_1_2' title="bbox 226 596 1398 698; baseline 0.003 -24"><span class='ocrx_word' id='word_1_2' title='bbox 226 616 309 674; x_wconf 89' lang='lat' dir='ltr'>rum</span> <span class='ocrx_word' id='word_1_3' title='bbox 333 596 445 674; x_wconf 90' lang='lat' dir='ltr'>Boetii</span> <span class='ocrx_word' id='word_1_4' title='bbox 471 596 625 674; x_wconf 84' lang='lat' dir='ltr'>latorum</span> <span class='ocrx_word' id='word_1_5' title='bbox 652 601 770 674; x_wconf 84' lang='lat' dir='ltr'>causae</span> <span class='ocrx_word' id='word_1_6' title='bbox 793 598 1004 698; x_wconf 77' lang='lat' dir='ltr'>querendae.</span> <span class='ocrx_word' id='word_1_7' title='bbox 1030 599 1154 678; x_wconf 79' lang='lat' dir='ltr'><strong>Fuisse</strong></span> <span class='ocrx_word' id='word_1_8' title='bbox 1176 598 1336 677; x_wconf 85' lang='lat' dir='ltr'>Boetium</span> <span class='ocrx_word' id='word_1_9' title='bbox 1352 600 1398 678; x_wconf 90' lang='lat' dir='ltr'>ad</span> 
     </span>
     <span class='ocr_line' id='line_1_3' title="bbox 225 730 1397 831; baseline 0.003 -23"><span class='ocrx_word' id='word_1_10' title='bbox 225 753 360 808; x_wconf 91' lang='lat' dir='ltr'>munus</span> <span class='ocrx_word' id='word_1_11' title='bbox 383 731 547 830; x_wconf 73' lang='lat' dir='ltr'>Magistri</span> <span class='ocrx_word' id='word_1_12' title='bbox 574 730 779 831; x_wconf 78' lang='lat' dir='ltr'>officiorum</span> <span class='ocrx_word' id='word_1_13' title='bbox 804 755 824 807; x_wconf 90' lang='lat' dir='ltr'>a</span> <span class='ocrx_word' id='word_1_14' title='bbox 847 756 929 831; x_wconf 90' lang='lat' dir='ltr'>rege</span> <span class='ocrx_word' id='word_1_15' title='bbox 953 732 1128 809; x_wconf 90' lang='lat' dir='ltr'>adscitum</span> <span class='ocrx_word' id='word_1_16' title='bbox 1147 735 1203 813; x_wconf 87' lang='lat' dir='ltr'>vix</span> <span class='ocrx_word' id='word_1_17' title='bbox 1230 733 1397 812; x_wconf 82' lang='lat' dir='ltr'>credibile</span> 
     </span>
     <span class='ocr_line' id='line_1_4' title="bbox 225 863 1395 965; baseline 0.003 -23"><span class='ocrx_word' id='word_1_18' title='bbox 225 864 290 964; x_wconf 87' lang='lat' dir='ltr'>est,</span> <span class='ocrx_word' id='word_1_19' title='bbox 302 864 451 940; x_wconf 86' lang='lat' dir='ltr'>etunieo</span> <span class='ocrx_word' id='word_1_20' title='bbox 463 863 633 965; x_wconf 90' lang='lat' dir='ltr'>anonymi</span> <span class='ocrx_word' id='word_1_21' title='bbox 646 863 821 941; x_wconf 87' lang='lat' dir='ltr'>Valesiani</span> <span class='ocrx_word' id='word_1_22' title='bbox 832 865 1013 965; x_wconf 83' lang='lat' dir='ltr'>aequivoco</span> <span class='ocrx_word' id='word_1_23' title='bbox 1025 867 1395 945; x_wconf 86' lang='lat' dir='ltr'>testimoniolulcitur.</span> 
     </span>
     <span class='ocr_line' id='line_1_5' title="bbox 225 995 1396 1101; baseline 0.003 -27"><span class='ocrx_word' id='word_1_24' title='bbox 225 999 302 1074; x_wconf 90' lang='lat' dir='ltr'>Non</span> <span class='ocrx_word' id='word_1_25' title='bbox 319 1005 373 1073; x_wconf 91' lang='lat' dir='ltr'>sat</span> <span class='ocrx_word' id='word_1_26' title='bbox 389 995 547 1096; x_wconf 78' lang='lat' dir='ltr'><strong>diligenti</strong></span> <span class='ocrx_word' id='word_1_27' title='bbox 564 996 672 1073; x_wconf 88' lang='lat' dir='ltr'>verbo</span> <span class='ocrx_word' id='word_1_28' title='bbox 689 1021 777 1071; x_wconf 87' lang='lat' dir='ltr'>usus</span> <span class='ocrx_word' id='word_1_29' title='bbox 793 1004 847 1073; x_wconf 90' lang='lat' dir='ltr'>est</span> <span class='ocrx_word' id='word_1_30' title='bbox 867 997 1089 1096; x_wconf 88' lang='lat' dir='ltr'>Valesianus,</span> <span class='ocrx_word' id='word_1_31' title='bbox 1109 1024 1190 1077; x_wconf 90' lang='lat' dir='ltr'>curn</span> <span class='ocrx_word' id='word_1_32' title='bbox 1205 1000 1317 1078; x_wconf 81' lang='lat' dir='ltr'>Boetii</span> <span class='ocrx_word' id='word_1_33' title='bbox 1336 1025 1396 1101; x_wconf 91' lang='lat' dir='ltr'>pa-</span> 
     </span>
     <span class='ocr_line' id='line_1_6' title="bbox 225 1128 1394 1232; baseline 0.006 -27"><span class='ocrx_word' id='word_1_34' title='bbox 225 1130 327 1227; x_wconf 87' lang='lat' dir='ltr'>tricii,</span> <span class='ocrx_word' id='word_1_35' title='bbox 344 1128 554 1224; x_wconf 83' lang='lat' dir='ltr'>exconsulis,</span> <span class='ocrx_word' id='word_1_36' title='bbox 573 1153 637 1229; x_wconf 92' lang='lat' dir='ltr'>pro</span> <span class='ocrx_word' id='word_1_37' title='bbox 659 1129 782 1205; x_wconf 78' lang='lat' dir='ltr'>Albino</span> <span class='ocrx_word' id='word_1_38' title='bbox 802 1131 898 1231; x_wconf 91' lang='lat' dir='ltr'>apud</span> <span class='ocrx_word' id='word_1_39' title='bbox 917 1155 1034 1232; x_wconf 89' lang='lat' dir='ltr'>regem</span> <span class='ocrx_word' id='word_1_40' title='bbox 1055 1142 1220 1211; x_wconf 87' lang='lat' dir='ltr'>accusato</span> <span class='ocrx_word' id='word_1_41' title='bbox 1240 1133 1394 1212; x_wconf 89' lang='lat' dir='ltr'>interce-</span> 
     </span>
     <span class='ocr_line' id='line_1_7' title="bbox 224 1256 1393 1346; baseline 0.005 -7"><span class='ocrx_word' id='word_1_42' title='bbox 224 1256 340 1340; x_wconf 86' lang='lat' dir='ltr'>dentis</span> <span class='ocrx_word' id='word_1_43' title='bbox 356 1285 397 1339; x_wconf 92' lang='lat' dir='ltr'>ac</span> <span class='ocrx_word' id='word_1_44' title='bbox 413 1261 632 1338; x_wconf 79' lang='lat' dir='ltr'>defendentis</span> <span class='ocrx_word' id='word_1_45' title='bbox 647 1263 822 1339; x_wconf 90' lang='lat' dir='ltr'>rationem</span> <span class='ocrx_word' id='word_1_46' title='bbox 835 1262 974 1342; x_wconf 76' lang='lat' dir='ltr'>tradere</span> <span class='ocrx_word' id='word_1_47' title='bbox 984 1265 1194 1346; x_wconf 88' lang='lat' dir='ltr'>intenderet.</span> <span class='ocrx_word' id='word_1_48' title='bbox 1206 1268 1256 1344; x_wconf 83' lang='lat' dir='ltr'>lle</span> <span class='ocrx_word' id='word_1_49' title='bbox 1266 1277 1393 1346; x_wconf 87' lang='lat' dir='ltr'>caetero</span> 
     </span>
     <span class='ocr_line' id='line_1_8' title="bbox 224 1394 1391 1500; baseline 0.003 -26"><span class='ocrx_word' id='word_1_50' title='bbox 224 1397 336 1474; x_wconf 91' lang='lat' dir='ltr'>Boetii</span> <span class='ocrx_word' id='word_1_51' title='bbox 370 1421 498 1493; x_wconf 90' lang='lat' dir='ltr'>mores,</span> <span class='ocrx_word' id='word_1_52' title='bbox 529 1396 723 1496; x_wconf 82' lang='lat' dir='ltr'>ingenium,</span> <span class='ocrx_word' id='word_1_53' title='bbox 758 1394 886 1493; x_wconf 89' lang='lat' dir='ltr'>studia,</span> <span class='ocrx_word' id='word_1_54' title='bbox 922 1399 1163 1495; x_wconf 78' lang='lat' dir='ltr'>necessitates,</span> <span class='ocrx_word' id='word_1_55' title='bbox 1196 1399 1391 1500; x_wconf 89' lang='lat' dir='ltr'>parentela,</span> 
     </span>
     <span class='ocr_line' id='line_1_9' title="bbox 224 1527 1391 1634; baseline 0.003 -29"><span class='ocrx_word' id='word_1_56' title='bbox 224 1532 357 1629; x_wconf 87' lang='lat' dir='ltr'>Romae,</span> <span class='ocrx_word' id='word_1_57' title='bbox 370 1529 413 1604; x_wconf 86' lang='lat' dir='ltr'>¹in</span> <span class='ocrx_word' id='word_1_58' title='bbox 425 1527 532 1605; x_wconf 90' lang='lat' dir='ltr'>demo</span> <span class='ocrx_word' id='word_1_59' title='bbox 548 1551 612 1603; x_wconf 91' lang='lat' dir='ltr'>sua</span> <span class='ocrx_word' id='word_1_60' title='bbox 628 1529 874 1614; x_wconf 84' lang='lat' dir='ltr'>commorandi</span> <span class='ocrx_word' id='word_1_61' title='bbox 890 1527 1045 1626; x_wconf 90' lang='lat' dir='ltr'>licentia,</span> <span class='ocrx_word' id='word_1_62' title='bbox 1061 1553 1101 1607; x_wconf 88' lang='lat' dir='ltr'>ac</span> <span class='ocrx_word' id='word_1_63' title='bbox 1113 1555 1186 1608; x_wconf 93' lang='lat' dir='ltr'>non</span> <span class='ocrx_word' id='word_1_64' title='bbox 1204 1534 1391 1634; x_wconf 85' lang='lat' dir='ltr'>Veronam,</span> 
     </span>
     <span class='ocr_line' id='line_1_10' title="bbox 223 1660 1391 1764; baseline 0.007 -26"><span class='ocrx_word' id='word_1_65' title='bbox 223 1660 812 1759; x_wconf 82' lang='lat' dir='ltr'>inaulameeodoriei,domdsac</span> <span class='ocrx_word' id='word_1_66' title='bbox 824 1662 1084 1739; x_wconf 87' lang='lat' dir='ltr'>totiuslamiliae</span> <span class='ocrx_word' id='word_1_67' title='bbox 1098 1663 1262 1764; x_wconf 88' lang='lat' dir='ltr'>migratio</span> <span class='ocrx_word' id='word_1_68' title='bbox 1273 1689 1391 1746; x_wconf 88' lang='lat' dir='ltr'>neces·</span> 
     </span>
     <span class='ocr_line' id='line_1_11' title="bbox 223 1791 1390 1900; baseline 0.003 -27"><span class='ocrx_word' id='word_1_69' title='bbox 223 1796 335 1894; x_wconf 72' lang='lat' dir='ltr'>saria,</span> <span class='ocrx_word' id='word_1_70' title='bbox 356 1791 431 1872; x_wconf 92' lang='lat' dir='ltr'>baec</span> <span class='ocrx_word' id='word_1_71' title='bbox 450 1795 572 1872; x_wconf 91' lang='lat' dir='ltr'>omnia</span> <span class='ocrx_word' id='word_1_72' title='bbox 591 1819 674 1871; x_wconf 86' lang='lat' dir='ltr'>cum</span> <span class='ocrx_word' id='word_1_73' title='bbox 694 1794 805 1871; x_wconf 80' lang='lat' dir='ltr'>boetii</span> <span class='ocrx_word' id='word_1_74' title='bbox 832 1795 1036 1896; x_wconf 71' lang='lat' dir='ltr'>officiorum</span> <span class='ocrx_word' id='word_1_75' title='bbox 1058 1800 1313 1895; x_wconf 74' lang='lat' dir='ltr'>Magistraturo</span> <span class='ocrx_word' id='word_1_76' title='bbox 1337 1824 1390 1900; x_wconf 91' lang='lat' dir='ltr'>ge-</span> 
     </span>
     <span class='ocr_line' id='line_1_12' title="bbox 223 1928 1394 2031; baseline 0.003 -24"><span class='ocrx_word' id='word_1_77' title='bbox 223 1932 334 2008; x_wconf 85' lang='lat' dir='ltr'>renda</span> <span class='ocrx_word' id='word_1_78' title='bbox 350 1930 535 2007; x_wconf 88' lang='lat' dir='ltr'>reluctant.</span> <span class='ocrx_word' id='word_1_79' title='bbox 548 1928 651 2026; x_wconf 86' lang='lat' dir='ltr'>Quid,</span> <span class='ocrx_word' id='word_1_80' title='bbox 666 1929 695 2003; x_wconf 90' lang='lat' dir='ltr'>si</span> <span class='ocrx_word' id='word_1_81' title='bbox 712 1929 756 2004; x_wconf 90' lang='lat' dir='ltr'>ad</span> <span class='ocrx_word' id='word_1_82' title='bbox 772 1929 880 2028; x_wconf 88' lang='lat' dir='ltr'>hujus</span> <span class='ocrx_word' id='word_1_83' title='bbox 895 1929 1002 2005; x_wconf 81' lang='lat' dir='ltr'>officii</span> <span class='ocrx_word' id='word_1_84' title='bbox 1021 1931 1144 2006; x_wconf 90' lang='lat' dir='ltr'>munia</span> <span class='ocrx_word' id='word_1_85' title='bbox 1161 1938 1394 2031; x_wconf 82' lang='lat' dir='ltr'>spectamus?</span> 
     </span>
     <span class='ocr_line' id='line_1_13' title="bbox 226 2061 1393 2168; baseline 0.01 -36"><span class='ocrx_word' id='word_1_86' title='bbox 226 2099 243 2132; x_wconf 73' lang='lat' dir='ltr'>a</span> <span class='ocrx_word' id='word_1_87' title='bbox 276 2065 327 2138; x_wconf 82' lang='lat' dir='ltr'>nd</span> <span class='ocrx_word' id='word_1_88' title='bbox 342 2088 426 2140; x_wconf 92' lang='lat' dir='ltr'>eum</span> <span class='ocrx_word' id='word_1_89' title='bbox 441 2063 608 2164; x_wconf 89' lang='lat' dir='ltr'>pertinet,</span> <span class='ocrx_word' id='word_1_90' title='bbox 625 2063 674 2139; x_wconf 89' lang='lat' dir='ltr'>ait</span> <span class='ocrx_word' id='word_1_91' title='bbox 693 2061 935 2164; x_wconf 81' lang='lat' dir='ltr'>Cassiodorus,</span> <span class='ocrx_word' id='word_1_92' title='bbox 955 2062 1081 2138; x_wconf 91' lang='lat' dir='ltr'>Palatii</span> <span class='ocrx_word' id='word_1_93' title='bbox 1100 2063 1299 2164; x_wconf 88' lang='lat' dir='ltr'>disciplina,</span> <span class='ocrx_word' id='word_1_94' title='bbox 1315 2069 1393 2168; x_wconf 89' lang='lat' dir='ltr'>lpse</span> 
     </span>
     <span class='ocr_line' id='line_1_14' title="bbox 222 2197 1392 2298; baseline 0.008 -30"><span class='ocrx_word' id='word_1_95' title='bbox 222 2231 241 2270; x_wconf 73' lang='lat' dir='ltr'>s</span> <span class='ocrx_word' id='word_1_96' title='bbox 273 2197 513 2295; x_wconf 89' lang='lat' dir='ltr'>insolentiam,</span> <span class='ocrx_word' id='word_1_97' title='bbox 534 2198 736 2275; x_wconf 89' lang='lat' dir='ltr'>scholarum</span> <span class='ocrx_word' id='word_1_98' title='bbox 756 2222 874 2275; x_wconf 90' lang='lat' dir='ltr'>mores</span> <span class='ocrx_word' id='word_1_99' title='bbox 897 2197 1113 2298; x_wconf 89' lang='lat' dir='ltr'>procellosos</span> <span class='ocrx_word' id='word_1_100' title='bbox 1137 2198 1392 2277; x_wconf 74' lang='lat' dir='ltr'>moderationis</span> 
     </span>
     <span class='ocr_line' id='line_1_15' title="bbox 227 2330 1393 2433; baseline 0.009 -33"><span class='ocrx_word' id='word_1_101' title='bbox 227 2367 241 2400; x_wconf 70' lang='lat' dir='ltr'>a</span> <span class='ocrx_word' id='word_1_102' title='bbox 273 2355 346 2409; x_wconf 87' lang='lat' dir='ltr'>suae</span> <span class='ocrx_word' id='word_1_103' title='bbox 374 2330 536 2407; x_wconf 89' lang='lat' dir='ltr'>terminis</span> <span class='ocrx_word' id='word_1_104' title='bbox 566 2354 735 2433; x_wconf 89' lang='lat' dir='ltr'>prospere</span> <span class='ocrx_word' id='word_1_105' title='bbox 764 2330 1010 2411; x_wconf 84' lang='lat' dir='ltr'>disserenat...</span> <span class='ocrx_word' id='word_1_106' title='bbox 1042 2334 1109 2408; x_wconf 93' lang='lat' dir='ltr'>Per</span> <span class='ocrx_word' id='word_1_107' title='bbox 1137 2355 1220 2408; x_wconf 92' lang='lat' dir='ltr'>eum</span> <span class='ocrx_word' id='word_1_108' title='bbox 1249 2342 1393 2411; x_wconf 92' lang='lat' dir='ltr'>senator</span> 
     </span>
     <span class='ocr_line' id='line_1_16' title="bbox 226 2464 1393 2564; baseline 0.009 -30"><span class='ocrx_word' id='word_1_109' title='bbox 226 2500 241 2534; x_wconf 69' lang='lat' dir='ltr'>a</span> <span class='ocrx_word' id='word_1_110' title='bbox 272 2464 417 2540; x_wconf 89' lang='lat' dir='ltr'>veniens</span> <span class='ocrx_word' id='word_1_111' title='bbox 441 2464 571 2541; x_wconf 90' lang='lat' dir='ltr'>nostris</span> <span class='ocrx_word' id='word_1_112' title='bbox 592 2464 725 2564; x_wconf 85' lang='lat' dir='ltr'>(Regis)</span> <span class='ocrx_word' id='word_1_113' title='bbox 743 2468 980 2564; x_wconf 88' lang='lat' dir='ltr'>praesentatur</span> <span class='ocrx_word' id='word_1_114' title='bbox 999 2465 1181 2541; x_wconf 92' lang='lat' dir='ltr'>obtutibus</span> <span class='ocrx_word' id='word_1_115' title='bbox 1199 2493 1206 2538; x_wconf 94' lang='lat'><strong>:</strong></span> <span class='ocrx_word' id='word_1_116' title='bbox 1224 2465 1393 2544; x_wconf 91' lang='lat' dir='ltr'>admonet</span> 
     </span>
     <span class='ocr_line' id='line_1_17' title="bbox 225 2597 1394 2700; baseline 0.003 -26"><span class='ocrx_word' id='word_1_117' title='bbox 225 2630 241 2664; x_wconf 76' lang='lat' dir='ltr'>u</span> <span class='ocrx_word' id='word_1_118' title='bbox 274 2598 453 2700; x_wconf 72' lang='lat' dir='ltr'>tepidum,</span> <span class='ocrx_word' id='word_1_119' title='bbox 479 2597 661 2698; x_wconf 89' lang='lat' dir='ltr'>componit</span> <span class='ocrx_word' id='word_1_120' title='bbox 688 2597 915 2697; x_wconf 69' lang='lat' dir='ltr'>loquentem,</span> <span class='ocrx_word' id='word_1_121' title='bbox 945 2621 1009 2674; x_wconf 87' lang='lat' dir='ltr'>sua</span> <span class='ocrx_word' id='word_1_122' title='bbox 1038 2598 1125 2698; x_wconf 86' lang='lat' dir='ltr'>quin</span> <span class='ocrx_word' id='word_1_123' title='bbox 1153 2598 1262 2675; x_wconf 91' lang='lat' dir='ltr'>etiam</span> <span class='ocrx_word' id='word_1_124' title='bbox 1286 2602 1394 2678; x_wconf 85' lang='lat' dir='ltr'>rerba</span> 
     </span>
     <span class='ocr_line' id='line_1_18' title="bbox 225 2731 1394 2829; baseline 0.007 -26"><span class='ocrx_word' id='word_1_125' title='bbox 225 2769 241 2803; x_wconf 68' lang='lat' dir='ltr'>a</span> <span class='ocrx_word' id='word_1_126' title='bbox 273 2731 362 2809; x_wconf 88' lang='lat' dir='ltr'>solet</span> <span class='ocrx_word' id='word_1_127' title='bbox 377 2731 543 2829; x_wconf 90' lang='lat' dir='ltr'>inserere,</span> <span class='ocrx_word' id='word_1_128' title='bbox 560 2739 600 2806; x_wconf 93' lang='lat' dir='ltr'>ut</span> <span class='ocrx_word' id='word_1_129' title='bbox 615 2756 680 2808; x_wconf 93' lang='lat' dir='ltr'>nos</span> <span class='ocrx_word' id='word_1_130' title='bbox 695 2732 861 2809; x_wconf 89' lang='lat' dir='ltr'>decenter</span> <span class='ocrx_word' id='word_1_131' title='bbox 877 2732 996 2809; x_wconf 90' lang='lat' dir='ltr'>omnia</span> <span class='ocrx_word' id='word_1_132' title='bbox 1020 2732 1193 2809; x_wconf 87' lang='lat' dir='ltr'>debemus</span> <span class='ocrx_word' id='word_1_133' title='bbox 1217 2732 1394 2812; x_wconf 83' lang='lat' dir='ltr'>audire...</span> 
     </span>
     <span class='ocr_line' id='line_1_19' title="bbox 227 2861 1394 2967; baseline 0.007 -33"><span class='ocrx_word' id='word_1_134' title='bbox 227 2901 243 2934; x_wconf 70' lang='lat' dir='ltr'>s</span> <span class='ocrx_word' id='word_1_135' title='bbox 276 2865 472 2967; x_wconf 90' lang='lat' dir='ltr'>promissor</span> <span class='ocrx_word' id='word_1_136' title='bbox 487 2861 731 2940; x_wconf 88' lang='lat' dir='ltr'>collocutionis</span> <span class='ocrx_word' id='word_1_137' title='bbox 756 2872 898 2960; x_wconf 91' lang='lat' dir='ltr'>nostrae,</span> <span class='ocrx_word' id='word_1_138' title='bbox 920 2862 1096 2964; x_wconf 88' lang='lat' dir='ltr'>gloriosus</span> <span class='ocrx_word' id='word_1_139' title='bbox 1122 2873 1265 2942; x_wconf 92' lang='lat' dir='ltr'>senator</span> <span class='ocrx_word' id='word_1_140' title='bbox 1289 2865 1394 2942; x_wconf 86' lang='lat' dir='ltr'>aulici</span> 
     </span>
     <span class='ocr_line' id='line_1_20' title="bbox 227 2997 1395 3099; baseline 0.005 -30"><span class='ocrx_word' id='word_1_141' title='bbox 227 3035 242 3069; x_wconf 66' lang='lat' dir='ltr'>s</span> <span class='ocrx_word' id='word_1_142' title='bbox 274 2999 522 3077; x_wconf 80' lang='lat' dir='ltr'>consistorii...</span> <span class='ocrx_word' id='word_1_143' title='bbox 555 2999 753 3074; x_wconf 85' lang='lat' dir='ltr'>Causarum</span> <span class='ocrx_word' id='word_1_144' title='bbox 781 3007 953 3097; x_wconf 81' lang='lat' dir='ltr'>praeterea</span> <span class='ocrx_word' id='word_1_145' title='bbox 977 2997 1175 3073; x_wconf 85' lang='lat' dir='ltr'>maximum</span> <span class='ocrx_word' id='word_1_146' title='bbox 1196 2998 1337 3099; x_wconf 90' lang='lat' dir='ltr'>pondus</span> <span class='ocrx_word' id='word_1_147' title='bbox 1358 2998 1395 3075; x_wconf 92' lang='lat' dir='ltr'>in</span> 
     </span>
     <span class='ocr_line' id='line_1_21' title="bbox 227 3130 1390 3234; baseline -0.002 -23"><span class='ocrx_word' id='word_1_148' title='bbox 227 3170 243 3204; x_wconf 71' lang='lat' dir='ltr'>n</span> <span class='ocrx_word' id='word_1_149' title='bbox 275 3136 355 3234; x_wconf 87' lang='lat' dir='ltr'>ejus</span> <span class='ocrx_word' id='word_1_150' title='bbox 370 3131 559 3209; x_wconf 89' lang='lat' dir='ltr'>audientiae</span> <span class='ocrx_word' id='word_1_151' title='bbox 573 3131 705 3207; x_wconf 87' lang='lat' dir='ltr'>linibus</span> <span class='ocrx_word' id='word_1_152' title='bbox 721 3131 854 3231; x_wconf 90' lang='lat' dir='ltr'>optima</span> <span class='ocrx_word' id='word_1_153' title='bbox 872 3130 1059 3209; x_wconf 91' lang='lat' dir='ltr'>securitate</span> <span class='ocrx_word' id='word_1_154' title='bbox 1079 3132 1347 3230; x_wconf 90' lang='lat' dir='ltr'>reponimus¹...</span> <span class='ocrx_word' id='word_1_155' title='bbox 1373 3167 1390 3200; x_wconf 75' lang='lat' dir='ltr'>u</span> 
     </span>
    </p>

    <p class='ocr_par' dir='ltr' id='par_1_3' title="bbox 222 3263 1394 4165">
     <span class='ocr_line' id='line_1_22' title="bbox 276 3263 1394 3368; baseline -0.003 -24"><span class='ocrx_word' id='word_1_156' title='bbox 276 3269 384 3344; x_wconf 89' lang='lat' dir='ltr'>Multo</span> <span class='ocrx_word' id='word_1_157' title='bbox 412 3266 525 3368; x_wconf 88' lang='lat' dir='ltr'>magis</span> <span class='ocrx_word' id='word_1_158' title='bbox 556 3265 601 3341; x_wconf 92' lang='lat' dir='ltr'>ad</span> <span class='ocrx_word' id='word_1_159' title='bbox 630 3264 786 3342; x_wconf 77' lang='lat' dir='ltr'>veritatIs</span> <span class='ocrx_word' id='word_1_160' title='bbox 812 3288 976 3341; x_wconf 90' lang='lat' dir='ltr'>normam</span> <span class='ocrx_word' id='word_1_161' title='bbox 1000 3263 1176 3342; x_wconf 89' lang='lat' dir='ltr'>inducunt</span> <span class='ocrx_word' id='word_1_162' title='bbox 1198 3265 1294 3341; x_wconf 82' lang='lat' dir='ltr'>tario</span> <span class='ocrx_word' id='word_1_163' title='bbox 1313 3289 1394 3365; x_wconf 89' lang='lat' dir='ltr'>quae</span> 
     </span>
     <span class='ocr_line' id='line_1_23' title="bbox 223 3395 1393 3502; baseline -0.007 -22"><span class='ocrx_word' id='word_1_164' title='bbox 223 3403 329 3480; x_wconf 85' lang='lat' dir='ltr'>refert</span> <span class='ocrx_word' id='word_1_165' title='bbox 357 3402 435 3502; x_wconf 91' lang='lat' dir='ltr'>ipse</span> <span class='ocrx_word' id='word_1_166' title='bbox 468 3398 611 3475; x_wconf 86' lang='lat' dir='ltr'>Boetius</span> <span class='ocrx_word' id='word_1_167' title='bbox 640 3397 683 3473; x_wconf 92' lang='lat' dir='ltr'>de</span> <span class='ocrx_word' id='word_1_168' title='bbox 715 3421 781 3472; x_wconf 88' lang='lat' dir='ltr'>sua</span> <span class='ocrx_word' id='word_1_169' title='bbox 810 3395 988 3473; x_wconf 87' lang='lat' dir='ltr'>indefessa</span> <span class='ocrx_word' id='word_1_170' title='bbox 1013 3405 1136 3472; x_wconf 87' lang='lat' dir='ltr'>contra</span> <span class='ocrx_word' id='word_1_171' title='bbox 1160 3395 1302 3493; x_wconf 88' lang='lat' dir='ltr'>Gotbos,</span> <span class='ocrx_word' id='word_1_172' title='bbox 1329 3421 1393 3498; x_wconf 89' lang='lat' dir='ltr'>pro</span> 
     </span>
     <span class='ocr_line' id='line_1_24' title="bbox 225 3523 1393 3633; baseline -0.006 -21"><span class='ocrx_word' id='word_1_173' title='bbox 225 3523 365 3612; x_wconf 89' lang='lat' dir='ltr'>tuendis</span> <span class='ocrx_word' id='word_1_174' title='bbox 389 3531 565 3633; x_wconf 88' lang='lat' dir='ltr'>aequitatis</span> <span class='ocrx_word' id='word_1_175' title='bbox 590 3555 632 3607; x_wconf 89' lang='lat' dir='ltr'>ae</span> <span class='ocrx_word' id='word_1_176' title='bbox 653 3529 859 3607; x_wconf 85' lang='lat' dir='ltr'>Lotmorum</span> <span class='ocrx_word' id='word_1_177' title='bbox 876 3528 1018 3630; x_wconf 85' lang='lat' dir='ltr'>juribus</span> <span class='ocrx_word' id='word_1_178' title='bbox 1035 3526 1321 3605; x_wconf 75' lang='lat' dir='ltr'>intercesslone⁹.</span> <span class='ocrx_word' id='word_1_179' title='bbox 1340 3529 1393 3605; x_wconf 89' lang='lat' dir='ltr'>lta</span> 
     </span>
     <span class='ocr_line' id='line_1_25' title="bbox 224 3661 1391 3769; baseline -0.006 -23"><span class='ocrx_word' id='word_1_180' title='bbox 224 3669 452 3769; x_wconf 83' lang='lat' dir='ltr'>Conigastum</span> <span class='ocrx_word' id='word_1_181' title='bbox 477 3669 692 3759; x_wconf 84' lang='lat' dir='ltr'>exactorem,</span> <span class='ocrx_word' id='word_1_182' title='bbox 719 3663 930 3739; x_wconf 90' lang='lat' dir='ltr'>miserorum</span> <span class='ocrx_word' id='word_1_183' title='bbox 950 3662 1082 3741; x_wconf 87' lang='lat' dir='ltr'>civium</span> <span class='ocrx_word' id='word_1_184' title='bbox 1104 3662 1268 3738; x_wconf 80' lang='lat' dir='ltr'>fortunas</span> <span class='ocrx_word' id='word_1_185' title='bbox 1287 3661 1391 3739; x_wconf 83' lang='lat' dir='ltr'>Inva-</span> 
     </span>
     <span class='ocr_line' id='line_1_26' title="bbox 223 3793 1391 3901; baseline -0.007 -23"><span class='ocrx_word' id='word_1_186' title='bbox 223 3803 378 3898; x_wconf 89' lang='lat' dir='ltr'>dentem,</span> <span class='ocrx_word' id='word_1_187' title='bbox 402 3800 532 3901; x_wconf 92' lang='lat' dir='ltr'>saepius</span> <span class='ocrx_word' id='word_1_188' title='bbox 555 3796 744 3899; x_wconf 65' lang='lat' dir='ltr'>repressit,</span> <span class='ocrx_word' id='word_1_189' title='bbox 765 3796 990 3896; x_wconf 84' lang='lat' dir='ltr'>Triguillam,</span> <span class='ocrx_word' id='word_1_190' title='bbox 1015 3794 1119 3895; x_wconf 90' lang='lat' dir='ltr'>regiae</span> <span class='ocrx_word' id='word_1_191' title='bbox 1143 3793 1274 3870; x_wconf 76' lang='lat' dir='ltr'>demtis</span> <span class='ocrx_word' id='word_1_192' title='bbox 1298 3818 1391 3895; x_wconf 84' lang='lat' dir='ltr'>prce·</span> 
     </span>
     <span class='ocr_line' id='line_1_27' title="bbox 222 3927 1392 4031; baseline -0.006 -22"><span class='ocrx_word' id='word_1_193' title='bbox 222 3934 378 4030; x_wconf 87' lang='lat' dir='ltr'>lectum,</span> <span class='ocrx_word' id='word_1_194' title='bbox 418 3935 463 4010; x_wconf 89' lang='lat' dir='ltr'>ab</span> <span class='ocrx_word' id='word_1_195' title='bbox 503 3931 658 4031; x_wconf 79' lang='lat' dir='ltr'>inempta</span> <span class='ocrx_word' id='word_1_196' title='bbox 692 3931 838 4031; x_wconf 85' lang='lat' dir='ltr'>jamque</span> <span class='ocrx_word' id='word_1_197' title='bbox 876 3932 1079 4029; x_wconf 87' lang='lat' dir='ltr'>perpetrata</span> <span class='ocrx_word' id='word_1_198' title='bbox 1112 3933 1225 4029; x_wconf 82' lang='lat' dir='ltr'>prope</span> <span class='ocrx_word' id='word_1_199' title='bbox 1262 3927 1392 4029; x_wconf 85' lang='lat' dir='ltr'>injuria</span> 
     </span>
     <span class='ocr_line' id='line_1_28' title="bbox 222 4062 1390 4165; baseline -0.007 -21"><span class='ocrx_word' id='word_1_200' title='bbox 222 4067 421 4164; x_wconf 73' lang='lat' dir='ltr'>revocavit,</span> <span class='ocrx_word' id='word_1_201' title='bbox 446 4090 491 4143; x_wconf 91' lang='lat' dir='ltr'>ne</span> <span class='ocrx_word' id='word_1_202' title='bbox 515 4066 647 4165; x_wconf 89' lang='lat' dir='ltr'>injusta</span> <span class='ocrx_word' id='word_1_203' title='bbox 672 4063 848 4165; x_wconf 84' lang='lat' dir='ltr'>coemptio</span> <span class='ocrx_word' id='word_1_204' title='bbox 869 4062 1101 4164; x_wconf 89' lang='lat' dir='ltr'>Campaniam</span> <span class='ocrx_word' id='word_1_205' title='bbox 1120 4062 1240 4140; x_wconf 88' lang='lat' dir='ltr'>inedla</span> <span class='ocrx_word' id='word_1_206' title='bbox 1259 4080 1390 4137; x_wconf 91' lang='lat' dir='ltr'>consu·</span> 
     </span>
    </p>
   </div>
   <div class='ocr_carea' id='block_1_3' title="bbox 225 4345 1394 4572">
    <p class='ocr_par' dir='ltr' id='par_1_4' title="bbox 225 4345 1394 4572">
     <span class='ocr_line' id='line_1_29' title="bbox 258 4345 633 4410; baseline -0.003 -14"><span class='ocrx_word' id='word_1_207' title='bbox 258 4349 266 4384; x_wconf 82' lang='lat'>¹</span> <span class='ocrx_word' id='word_1_208' title='bbox 294 4346 368 4410; x_wconf 73' lang='lat' dir='ltr'>Van,</span> <span class='ocrx_word' id='word_1_209' title='bbox 382 4346 427 4396; x_wconf 91' lang='lat' dir='ltr'>lib.</span> <span class='ocrx_word' id='word_1_210' title='bbox 440 4346 482 4408; x_wconf 88' lang='lat' dir='ltr'>Vl,</span> <span class='ocrx_word' id='word_1_211' title='bbox 494 4345 598 4396; x_wconf 81' lang='lat' dir='ltr'>formul.</span> <span class='ocrx_word' id='word_1_212' title='bbox 609 4345 633 4395; x_wconf 85' lang='grc'>6.</span> 
     </span>
     <span class='ocr_line' id='line_1_30' title="bbox 255 4408 1394 4492; baseline -0.004 -16"><span class='ocrx_word' id='word_1_213' title='bbox 255 4428 268 4461; x_wconf 78' lang='grc'><em>·</em></span> <span class='ocrx_word' id='word_1_214' title='bbox 291 4426 407 4485; x_wconf 74' lang='lat' dir='ltr'>comat..</span> <span class='ocrx_word' id='word_1_215' title='bbox 418 4426 464 4477; x_wconf 79' lang='lat' dir='ltr'>nn</span> <span class='ocrx_word' id='word_1_216' title='bbox 479 4426 500 4487; x_wconf 89' lang='lat'>1,</span> <span class='ocrx_word' id='word_1_217' title='bbox 512 4441 551 4490; x_wconf 80' lang='lat' dir='ltr'>pr.</span> <span class='ocrx_word' id='word_1_218' title='bbox 566 4427 629 4476; x_wconf 78' lang='lat' dir='ltr'>a·</span> <span class='ocrx_word' id='word_1_219' title='bbox 642 4426 679 4477; x_wconf 84' lang='lat' dir='ltr'>cr.</span> <span class='ocrx_word' id='word_1_220' title='bbox 693 4425 819 4486; x_wconf 70' lang='lat' dir='ltr'>nassau,</span> <span class='ocrx_word' id='word_1_221' title='bbox 835 4408 1394 4492; x_wconf 66' lang='lat' dir='ltr'>caemar,epist.x11etxr11‘;ru.lx,</span> 
     </span>
     <span class='ocr_line' id='line_1_31' title="bbox 225 4501 707 4572; baseline 0 -17"><span class='ocrx_word' id='word_1_222' title='bbox 225 4505 302 4572; x_wconf 81' lang='lat' dir='ltr'>epist.</span> <span class='ocrx_word' id='word_1_223' title='bbox 313 4505 346 4569; x_wconf 79' lang='lat' dir='ltr'>X,</span> <span class='ocrx_word' id='word_1_224' title='bbox 358 4505 404 4570; x_wconf 86' lang='lat' dir='ltr'>XI,</span> <span class='ocrx_word' id='word_1_225' title='bbox 415 4504 469 4569; x_wconf 76' lang='grc' dir='ltr'>ΧΠ,</span> <span class='ocrx_word' id='word_1_226' title='bbox 483 4502 542 4557; x_wconf 83' lang='lat' dir='ltr'>XIII</span> <span class='ocrx_word' id='word_1_227' title='bbox 556 4501 583 4556; x_wconf 81' lang='lat' dir='ltr'>e&#39;t</span> <span class='ocrx_word' id='word_1_228' title='bbox 593 4502 658 4562; x_wconf 80' lang='lat' dir='ltr'>XIV.</span> <span class='ocrx_word' id='word_1_229' title='bbox 706 4529 707 4532; x_wconf 55' lang='lat'><em>=</em></span> 
     </span>
    </p>
   </div>
   <div class='ocr_carea' id='block_1_4' title="bbox 0 0 1624 5468">
    <p class='ocr_par' dir='ltr' id='par_1_5' title="bbox 0 0 1624 5468">
     <span class='ocr_line' id='line_1_32' title="bbox 0 0 1624 5468; baseline 0 0"><span class='ocrx_word' id='word_1_230' title='bbox 0 0 1624 5468; x_wconf 95' lang='lat' dir='ltr'> </span> 
     </span>
    </p>
   </div>
  </div>
 </body>
</html>
