3240 5468
809 452 962 520 „ps-

302 682 318 715 s
351 645 556 724 sedentibus
571 643 698 720 amicis
715 641 904 722 interfecit.
923 645 1093 745 Sequenti
1114 669 1209 723 anno
1225 646 1472 726 theodoricus

303 814 319 847 ι
352 780 523 857 Ravenna
541 775 661 853 subita
676 775 807 856 defecit
822 784 949 854 morte.
971 776 1116 854 Boetius
1133 784 1254 856 autem
1273 780 1472 860 honorifice

235 893 241 905 ι
303 946 320 980 ι
352 911 551 989 tumulatus
585 917 639 986 est
675 909 795 1009 Papias
826 908 865 984 in
896 909 1011 1011 cripta
1042 910 1226 1010 ecclesie,
1259 920 1293 988 et
1322 922 1471 991 vocatur

303 1081 320 1115 n
353 1049 505 1135 Sanctus
525 1043 715 1123 severinus
742 1067 763 1119 a
788 1042 1070 1146 provintialibus,
1095 1044 1193 1144 quod
1219 1044 1249 1122 ei
1270 1069 1472 1146 prenomen

304 1215 321 1251 s
352 1181 420 1260 fuit
432 1175 457 1262 ¹.
478 1213 495 1247 s

353 1317 437 1392 Haec
465 1312 573 1391 verbo
602 1318 706 1389 tenus
736 1311 870 1389 referre
898 1311 1052 1413 placuit,
1085 1310 1169 1412 quia
1202 1311 1355 1388 maxime
1384 1336 1473 1390 cum

301 1447 437 1527 caeteris
448 1444 630 1524 codicibus
644 1468 686 1521 ac
700 1443 884 1521 fidissimis
896 1468 1016 1521 rerum
1032 1444 1265 1547 scriptoribus
1276 1446 1474 1524 concordat

302 1589 438 1682 auctor,
469 1587 504 1658 et
531 1579 616 1680 quia
643 1579 750 1680 plane
778 1578 941 1655 Boetium
957 1579 1194 1657 christianum
1209 1600 1250 1657 uo
1264 1579 1474 1681 theologum

301 1714 439 1794 asserit.

356 1852 441 1929 Tres
460 1872 479 1926 e
497 1845 750 1926 vetustissimis
769 1844 962 1943 codicibus,
980 1843 1470 1947 scilicetGothanus(s.x11),

293 1983 491 2064 Beruensis
521 1987 568 2079 (s.
597 1985 669 2078 xl),
702 2002 744 2056 ac
771 1979 1045 2080 bambergensis
1073 1979 1108 2056 Il
1142 1983 1192 2077 (s.
1223 1984 1280 2077 xl)
1311 1979 1474 2073 referunt

300 2118 465 2223 Boetium
485 2115 531 2191 ad
552 2113 731 2191 illustrem
750 2111 850 2190 illam
869 2113 1030 2189 Anicium
1046 2121 1189 2214 gentem
1204 2115 1471 2215 pertinere-cui

302 2252 589 2331 adnumerantur
604 2246 772 2350 permulti
790 2271 810 2324 e
834 2246 1018 2346 Corneliis,
1044 2271 1064 2323 e
1085 2247 1234 2348 Magnis,
1260 2271 1279 2324 e
1304 2247 1432 2345 Deciis,
1451 2273 1472 2326 e

302 2384 490 2464 Gordianis
510 2392 545 2461 et
564 2408 583 2461 e
603 2381 759 2482 Manliis,
786 2404 926 2459 necnon
946 2388 981 2457 et
998 2379 1112 2457 sancti
1131 2383 1303 2482 Martyres
1330 2380 1477 2481 aquile·⁸

298 2523 433 2622 james,
454 2517 610 2614 Cautius,
627 2515 822 2593 Cantiauus
838 2522 873 2592 et
898 2509 1144 2612 Cantianilla³,
1167 2513 1335 2591 Paulinus
1349 2515 1469 2614 etiam,

301 2655 384 2756 pius
399 2652 457 2732 ille
472 2643 570 2730 Nolae
582 2651 783 2752 episcopus,
800 2656 876 2727 tum
892 2648 1126 2727 Cassiodorus
1142 2657 1284 2727 senator
1301 2659 1336 2729 et
1356 2652 1471 2728 Enno-

301 2789 397 2885 dius,
416 2786 598 2890 papiensis
612 2786 816 2887 episcopus,
841 2795 918 2861 tum
945 2784 1077 2861 summi
1100 2783 1292 2862 Pontifices
1306 2784 1404 2862 Felix
1422 2786 1468 2882 ll,

302 2921 491 3024 Gregorius
505 2925 664 3023 Magnus,
688 2919 895 2998 Hadrianus
914 2921 931 2995 I
952 2926 986 2997 et
1005 2919 1043 2996 in
1064 2917 1182 2996 medio
1197 2943 1272 2998 aero
1290 2920 1470 2998 Innocen-

303 3059 372 3134 tius
386 3056 439 3133 ΙΙΙ
458 3079 564 3157 papa.

356 3188 487 3265 dnioiae
506 3186 621 3290 gentis
641 3193 749 3288 caput
766 3185 833 3264 fuit
851 3185 995 3264 duicius
1015 3186 1170 3276 Quintus
1193 3186 1325 3286 Gallus,
1347 3191 1471 3268 ePre·

302 3331 401 3402 nasta
417 3322 603 3420 oriundus,
623 3321 697 3424 qui,
714 3319 808 3400 circa
833 3345 969 3399 annum
992 3316 1070 3400 470
1095 3329 1178 3399 aute
1195 3322 1388 3424 Christum,
1404 3324 1472 3401 Ro

303 3482 400 3535 mam
410 3457 574 3554 vanitas
584 3456 763 3536 civitatem
773 3481 961 3536 romanam
972 3457 1138 3536 obtinuit.
1151 3458 1272 3534 Anicia
1283 3482 1369 3560 gens
1379 3457 1472 3538 inter

303 3591 421 3670 civiles
436 3592 652 3695 discordias,
672 3592 801 3696 agendi
816 3593 954 3672 ratione
968 3593 1154 3672 moderata
1172 3617 1214 3670 ao
1229 3593 1396 3695 pacifica,
1412 3618 1473 3695 po

303 3735 381 3803 tens
396 3735 430 3804 et
444 3725 573 3803 nobilis
593 3728 715 3806 evasit.
732 3729 785 3806 dd
799 3729 908 3829 hujus
923 3727 1231 3831 propinquitatem
1245 3739 1473 3806 accesserunt

302 3857 414 3935 Pincii
434 3859 508 3938 sive
527 3860 676 3962 Olybrii,
697 3861 853 3939 Petronii
874 3869 909 3938 ot
928 3861 1045 3939 Probi.
1060 3862 1147 3939 Inde
1167 3860 1253 3938 illud
1270 3861 1470 3940 Cassiodori

303 3992 365 4092 qni
385 4000 419 4070 et
436 3992 513 4093 ipse
532 3994 578 4070 ad
597 3995 742 4096 Magnos
761 3997 989 4098 pertinebat:
1018 4029 1035 4064 α
1056 3997 1196 4076 Anicius
1211 3998 1358 4098 quidem
1378 4022 1470 4100 pene

336 4453 345 4486 ¹
366 4451 469 4514 Peiper,
485 4452 586 4515 Lipsiae,
600 4452 671 4513 tss‘ll,
688 4468 714 4516 p.
728 4467 810 4504 xxxv.

335 4533 346 4564 ¹
365 4530 507 4594 Martyrot.
520 4545 587 4580 rom.
605 4533 646 4582 die
663 4533 691 4584 31
710 4534 779 4584 maii.
793 4534 924 4585 -Passio
939 4535 1010 4586 Beat.
1024 4542 1131 4600 martyr.
1143 4536 1262 4597 Cantian,
1280 4537 1349 4587 lnter
1363 4535 1390 4587 S.
1403 4535 1469 4585 Arn-

301 4607 380 4661 brosii
392 4621 478 4673 opera.
492 4607 558 4660 Edit.
571 4609 741 4676 benedictin,
753 4616 773 4666 t.
785 4613 818 4677 u,
831 4626 858 4677 p.
870 4613 925 4665 458.
