3240 5468
697 457 896 529 -165-

207 633 318 733 sarit),
336 644 374 711 tu
390 661 434 714 ne
450 639 498 715 sis
513 642 788 739 obscuritatibus
803 649 985 726 brevitatis
1002 652 1184 753 adversus,
1201 682 1281 759 quae
1296 683 1379 755 curn

208 767 278 844 sint
305 771 427 849 arcani
450 772 526 866 fida*
551 777 724 877 custodia,
749 787 826 855 turn
848 780 885 857 id
911 783 1043 861 hubent
1066 791 1257 887 commodi,
1282 793 1379 892 quod

207 927 290 982 cum
314 906 370 983 his
395 909 479 985 solis
505 910 566 1008 qui
595 910 692 1010 digni
721 922 804 987 sunt
828 916 1126 1017 conloquuntur&
1154 951 1169 984 a
1196 925 1379 1003 Permulta

207 1037 304 1114 enim
320 1047 404 1114 sunt
420 1042 458 1116 in
473 1045 655 1145 opusculis
672 1045 877 1146 theologicis
895 1073 1000 1140 aava,
1018 1059 1059 1128 ut
1073 1051 1122 1128 ita
1136 1053 1254 1130 dicam
1270 1057 1378 1133 verba

206 1189 287 1266 quae
315 1193 431 1269 neque
462 1196 505 1248 ex
538 1175 752 1253 aristotelico
782 1202 900 1278 neque
929 1205 970 1257 er
1000 1183 1178 1281 platonico
1208 1185 1377 1263 thesauro

205 1297 477 1400 depromuntur,
504 1313 543 1379 ut
574 1343 588 1377 a
616 1307 908 1408 ra-tionahiliter²‚
938 1348 953 1381 a
983 1350 999 1383 «
1026 1316 1296 1418 disciplinaliter
1306 1317 1330 1416 ³,
1356 1355 1372 1386 r

209 1463 226 1496 a
249 1430 567 1537 intellectualiter*‚
600 1469 615 1501 r>
646 1476 662 1510 α
691 1440 949 1546 singulariter⁵,
983 1480 999 1512 »
1035 1482 1050 1515 «
1083 1447 1327 1546 naturaliter⁶,
1357 1486 1373 1517 »2

208 1593 233 1631 «¹
246 1566 478 1647 artificialiter
487 1568 511 1667 ⁷,
531 1605 546 1637 a
569 1596 648 1673 quae
668 1575 832 1675 specifice
852 1579 897 1655 ad
916 1579 1169 1657 Scholasticum
1190 1581 1297 1658 medii
1312 1584 1376 1660 aeri
1463 1583 1465 1588 ’

203 1698 361 1801 linguam
389 1705 576 1804 pertinent,
601 1731 680 1808 quae
704 1719 825 1783 tamen
846 1708 974 1786 alaioo
994 1710 1081 1809 viro,
1102 1711 1258 1810 quisuis
1280 1749 1295 1781 α
1318 1711 1376 1787 in-

203 1828 338 1945 ventis⁸
357 1870 372 1904 »
391 1836 533 1933 gaudet,
550 1839 663 1936 magis
677 1839 715 1913 in
730 1839 916 1919 dialectica
932 1867 974 1920 ac
993 1842 1248 1944 philosophicis
1267 1846 1374 1920 rebus

204 1975 344 2042 versato
364 1991 474 2067 qnam
492 1970 530 2044 in
551 1995 734 2049 sacrarum
754 1975 1014 2076 scripturarum
1033 1976 1184 2053 lectione
1205 1985 1237 2052 et
1265 2000 1374 2053 sanc-

153 2184 155 2188 Α
204 2105 322 2174 torum
339 2101 486 2177 Patrum
501 2105 629 2181 studio.
646 2108 729 2182 Haeo
740 2107 886 2206 quidem
902 2109 1012 2185 verba
1027 2133 1099 2186 non
1114 2110 1160 2185 ad
1176 2109 1226 2184 sic
1240 2109 1373 2186 dictam
1395 2147 1398 2154 ·

202 2232 378 2309 classicano
400 2236 609 2313 latinitatem
630 2240 822 2337 pertinent,
839 2241 899 2316 sed
921 2239 965 2314 ad
987 2263 1091 2315 usum
1108 2239 1246 2315 traditae
1261 2238 1372 2314 disci-

133 2399 140 2411 ·
203 2367 309 2467 plinae
336 2369 559 2447 conformata
588 2380 682 2472 sunt,
708 2381 748 2447 ut
770 2372 847 2472 ipse
871 2373 1002 2448 latetur
1024 2368 1259 2447 Nitzschiust
1289 2370 1373 2447 Ideo

203 2499 420 2580 scholasticae
439 2502 589 2580 docendi
615 2505 772 2581 methodi
795 2516 833 2580 ut
857 2505 1032 2605 genuinus
1058 2512 1158 2606 pater
1182 2526 1224 2580 ac
1248 2512 1372 2579 auctor

200 2631 352 2710 hahetur
372 2658 392 2709 a
412 2636 554 2735 Dupino
563 2633 590 2678 ¹⁰
608 2647 642 2713 ot
664 2637 893 2714 Tiraboschio
904 2633 941 2712 ¹¹.
964 2639 1059 2713 Nova
1079 2658 1162 2736 ergo
1183 2636 1371 2712 methodus

1176 2843 1369 2853 ...ι-.-

235 2949 244 2982 ¹
265 2947 402 3006 Qtaamodo
412 2943 579 3011 substantia,
592 2949 640 2998 sub
655 2949 714 2999 init.

233 3030 245 3062 ¹
265 3026 369 3090 Peiper,
380 3043 407 3093 p.
420 3029 475 3080 152.

234 3107 336 3158 ⁸1ata.

232 3189 245 3222 ὃ
267 3185 339 3235 laia.

233 3269 245 3303 ⁸
264 3267 347 3328 Ibld„
360 3282 385 3331 p.
397 3267 452 3318 153.

232 3349 244 3382 ⁶
264 3346 346 3410 loia,
361 3363 386 3410 p.
400 3347 453 3397 teo.

234 3428 336 3478 ⁷lba'al.
359 3473 361 3477 ,

232 3511 244 3544 ⁸
265 3508 305 3557 De
317 3503 459 3569 Priamum,
472 3508 604 3570 Procem.;
620 3507 658 3558 Gt.
671 3507 794 3573 Prooepn„
806 3506 831 3554 iu
844 3507 905 3570 Top.
922 3507 986 3569 Cio,
1000 3507 1095 3568 liblV,
1108 3507 1190 3570 praet,
1203 3508 1236 3556 ad
1248 3508 1370 3558 eumdem

199 3588 385 3652 Symmachum
397 3602 516 3638 socerum
533 3604 539 3636 ε
554 3605 565 3633 r
580 3588 731 3637 Communis
742 3585 841 3651 negotii
853 3587 990 3637 studiosus.
1006 3605 1016 3632 ι

231 3669 244 3704 ⁹
264 3669 316 3719 Der
337 3668 380 3719 stil
400 3683 509 3719 anseres
530 3667 675 3719 Vertassers
688 3666 722 3716 ist
739 3665 867 3715 vielmehr
879 3666 926 3714 der
944 3666 1145 3726 Scholastische,
1162 3665 1209 3715 der
1220 3665 1276 3716 sieh
1287 3666 1368 3715 durch

197 3750 397 3816 Nitahternheit,
419 3751 624 3815 schwerlaellige
650 3752 756 3802 Akribie
782 3750 835 3800 und
857 3750 1036 3812 Vermeidung
1057 3746 1191 3810 jeglichen
1220 3745 1371 3796 husdrucks

197 3832 379 3884 individueller
395 3833 585 3898 Lebendigheit
596 3832 762 3882 auszeichnet
775 3831 811 3894 (p.
824 3829 887 3890 ltl).

233 3916 262 3950 ¹⁰
279 3915 410 3964 Biblioth.
426 3915 472 3964 des
487 3920 544 3963 aat.
556 3913 660 3974 eccles,
672 3916 737 3962 tom.
749 3913 791 3973 lv,
803 3926 828 3975 p.
842 3910 882 3970 91,
896 3907 979 3970 Paris,
994 3906 1066 3957 1690.
1081 3923 1090 3951 a
1105 3906 1188 3956 Boece
1200 3906 1302 3956 semble
1314 3907 1369 3955 etre

197 3997 222 4044 le
234 3996 348 4058 premier
366 3996 410 4059 qui
431 3995 467 4045 ait
480 3995 600 4059 euplique
613 4007 661 4042 nos
672 3993 800 4056 mysteres
811 4004 857 4054 par
868 3991 894 4039 la
905 3986 1068 4051 philosophie
1080 3986 1224 4048 d'dristote,
1238 3992 1265 4037 et
1283 3987 1328 4051 qui
1341 4001 1370 4037 se

197 4076 247 4127 soit
258 4076 326 4126 servi
338 4076 370 4126 de
382 4077 407 4126 la
419 4076 542 4126 methode
554 4089 605 4139 que
617 4073 656 4122 les
665 4072 851 4134 scholastiques
865 4074 911 4118 ont
920 4067 1068 4117 embrassee
1082 4081 1144 4116 avec
1155 4067 1367 4117 tantd'ardenr.s

231 4157 258 4191 ¹¹
278 4156 350 4206 Stoa.
364 4157 438 4206 della
450 4157 501 4205 litt.
516 4157 586 4216 ital.¹
602 4162 665 4205 tom.
679 4156 724 4212 111,
739 4171 764 4218 p.
777 4154 808 4204 ld
820 4157 846 4203 et
859 4167 914 4214 seq.
935 4167 946 4197 u
959 4150 997 4198 Ed
1010 4149 1061 4213 egli
1076 4150 1103 4198 sn
1114 4149 1131 4197 il
1146 4149 1230 4210 primo
1244 4163 1259 4198 a
1273 4151 1369 4199 render

196 4235 275 4286 latina
293 4250 340 4300 per
356 4236 409 4286 cosi
421 4236 487 4293 dire,
506 4238 531 4286 la
545 4236 681 4285 scolastica
696 4233 843 4296 Filosophia
857 4251 862 4280 :
877 4233 981 4281 almeno
993 4243 1047 4277 non
1059 4228 1178 4277 abbiamo
1191 4233 1266 4277 autor
1287 4228 1368 4278 latino

197 4315 241 4379 piu
262 4316 349 4366 antico
370 4316 418 4365 che
439 4316 565 4366 scrivesse
588 4313 614 4363 di
634 4316 726 4376 questo
745 4315 906 4374 argomento.
922 4309 985 4358 Anzi
1008 4307 1060 4370 egli
1079 4319 1173 4354 ancora
1186 4306 1269 4368 prima
1281 4307 1368 4370 d'ogni

196 4395 262 4446 altro
285 4394 432 4444 introdusse
450 4395 475 4445 la
496 4393 615 4444 Filosofia
637 4390 771 4441 scolastica
792 4403 871 4438 ancor
891 4388 962 4437 nella
980 4385 1111 4448 Teologia,
1132 4386 1242 4435 comesi
1262 4388 1327 4436 vede
1341 4386 1368 4436 in

195 4474 282 4526 alcuni
303 4472 424 4536 Opuscoli
444 4472 565 4538 teologici
585 4475 618 4523 da
640 4471 677 4520 lui
698 4469 833 4533 composti,
853 4469 885 4518 ed
906 4467 934 4517 in
948 4465 1034 4530 quello
1054 4459 1258 4530 singolarmente
1277 4471 1367 4516 contro

196 4554 315 4606 Nestorio
327 4553 360 4604 ed
373 4551 497 4616 Eutyche.
513 4568 524 4597 ι
