3240 5468
688 431 886 501 -lar-

205 651 221 682 α
246 617 311 693 sibi
327 617 571 695 contradicere
585 617 620 694 in
637 618 900 720 categoriarum
920 621 1080 698 doctrina
1101 624 1266 700 Boetium
1281 650 1373 703 auc·

202 762 315 829 torem
335 751 500 853 opusculi
516 757 568 853 (p.
586 746 696 850 lae),
716 784 731 814 υ
754 788 770 820 «
787 752 929 831 Insulsa
945 781 1023 833 esse
1038 756 1113 834 haec
1132 757 1240 836 verba
1259 757 1297 833 in
1312 783 1373 836 ore

199 887 311 964 Boetii
333 918 342 964 z
362 887 471 964 fidem
496 888 526 964 si
550 887 684 990 poteris
707 891 956 987 rationemque
979 890 1157 989 conjunge
1181 893 1231 991 (p.
1259 885 1372 986 128),

200 1044 285 1098 nam
322 1021 483 1122 Boetius,
522 1030 647 1124 utpote
683 1023 906 1121 dialecticus,
945 1020 1093 1098 minime
1133 1023 1372 1100 necessariam

199 1152 375 1230 aestimare
390 1152 510 1228 debuit
526 1151 725 1230 christianae
740 1153 821 1231 fidei
836 1153 873 1229 in
889 1179 954 1231 sua
968 1155 1219 1255 disquisitione
1234 1155 1372 1232 immix-

201 1284 334 1363 tionem
354 1286 518 1383 (Ibidis

253 1420 320 1496 Hic
336 1429 459 1497 notare
474 1420 628 1497 sufficiat
642 1418 857 1500 Nitzsehium
874 1444 1062 1522 perperam
1075 1420 1288 1498 intellexisse
1297 1420 1373 1498 haec

200 1551 310 1628 Boetii
340 1552 446 1628 verba
478 1575 558 1651 quae
591 1560 645 1629 sat
677 1553 806 1629 aeriter
840 1553 1079 1654 reprehendit.
1112 1554 1162 1630 dd
1195 1546 1372 1633 loannem

199 1708 359 1762 romanae
386 1685 551 1762 Ecclesiae
585 1685 788 1783 diaconum,
822 1695 861 1761 ut
892 1687 1061 1764 doctrinae
1094 1711 1168 1763 snae
1198 1687 1369 1788 judicem,

199 1817 414 1918 opusculum
443 1818 561 1919 dirigit
590 1821 745 1918 Boetius,
776 1846 817 1898 ae
844 1822 911 1897 sub
939 1823 1050 1898 finem
1082 1823 1131 1897 ita
1162 1830 1329 1922 precatur
1360 1854 1369 1899 :

204 1983 220 2016 «
244 1951 328 2026 llaec
351 1950 381 2027 si
405 1976 443 2027 se
467 1959 560 2028 reete
585 1959 619 2029 et
643 1980 682 2028 er
704 1955 772 2054 fide
790 1952 934 2050 hahent,
955 1961 993 2029 ut
1014 1978 1071 2030 me
1090 1954 1245 2030 instruas
1268 1962 1371 2055 peto,

201 2093 265 2159 aut
290 2083 318 2159 si
342 2082 463 2184 aliqua
484 2108 522 2160 re
541 2083 634 2162 sorte
657 2086 817 2164 diversus
841 2111 891 2183 es,
917 2088 1115 2186 diligentius
1139 2087 1275 2163 intueor
1296 2112 1370 2186 quo

200 2221 292 2296 dicto
309 2233 407 2310 rent,
426 2233 457 2295 et
476 2220 579 2319 fidem
593 2220 625 2295 rr'
640 2221 769 2319 poteria
786 2221 1021 2318 rationemque
1040 2222 1218 2317 conjunge.
1245 2253 1261 2284 »
1287 2220 1371 2293 Haec

201 2354 325 2431 ultima
351 2353 469 2447 verba,
489 2352 525 2428 ui
546 2353 660 2452 fallor,
681 2377 753 2429 non
777 2353 922 2452 quidem
947 2351 993 2427 ad
1016 2351 1239 2428 dialecticam
1259 2349 1371 2426 Boetii

201 2489 410 2567 methodum
427 2487 601 2583 alludunt,
615 2487 676 2563 sed
691 2487 738 2563 ad
752 2476 1037 2564 emendationem
1052 2509 1162 2586 quarn
1180 2484 1225 2560 ab
1240 2484 1368 2579 amico,

200 2623 341 2699 Ioanne
368 2620 531 2717 diacono,
562 2619 763 2721 expostulat
790 2621 947 2715 Boetius,
976 2660 991 2692 a
1019 2619 1049 2694 si
1069 2619 1159 2696 sorte
1186 2616 1305 2716 aliqua
1332 2641 1371 2693 re

201 2757 362 2834 diversus
380 2766 456 2848 est,
481 2777 671 2854 »eamque
695 2754 952 2831 correctionem
976 2753 1054 2830 fieri
1078 2759 1243 2854 precatur
1261 2751 1311 2826 ita
1332 2759 1372 2826 ut

200 2895 298 2992 fides,
317 2892 352 2967 id
368 2899 422 2968 est
441 2886 669 2966 ecclesiastici
689 2886 865 2986 dogmatis
886 2884 1100 2979 enunciatio,
1120 2908 1202 2960 curn
1219 2882 1370 2976 ratione,

133 3126 138 3133 ,
201 3025 237 3102 id
260 3033 315 3102 est
337 3049 417 3102 oum
442 3023 581 3099 ratione
600 3043 707 3119 qnam
729 3020 946 3118 theologicam
960 3026 1100 3113 vorant,
1119 3018 1369 3116 conjungatur.
1398 3009 1402 3015 ’

201 3159 285 3234 llaec
304 3165 422 3232 antem
442 3152 552 3230 Boetii
573 3152 729 3253 precatio
747 3150 883 3227 insulsa
902 3150 1002 3227 nullo
1023 3149 1130 3226 modo
1145 3148 1315 3249 adparet3
1336 3155 1372 3222 et

202 3292 366 3369 Nitzsehii
386 3289 524 3390 gladius
544 3309 655 3363 vanas
669 3284 870 3360 diverberat
887 3283 1043 3359 umhras.

257 3426 334 3511 Quo
353 3423 470 3523 prima
494 3418 610 3523 specie
630 3417 890 3518 temperantius
914 3439 956 3491 eo
979 3438 1016 3489 re
1040 3411 1203 3488 infestius
1227 3410 1370 3486 tertium

100 3594 103 3599 ·
205 3557 420 3659 opuseulum
446 3557 487 3630 de
509 3559 667 3629 Persona
693 3565 723 3626 et
750 3551 895 3626 Natura
913 3546 1053 3649 impetit
1072 3545 1217 3621 criticus
1237 3553 1370 3619 noster.

202 3695 317 3791 Hujus
343 3689 423 3765 libri
448 3698 585 3783 auctor,
609 3685 726 3784 inquit
752 3716 769 3748 r
801 3681 939 3781 singula
966 3680 1039 3757 fere
1063 3677 1264 3754 christianae
1286 3674 1372 3751 fidei

102 3847 105 3851 ’
128 3820 131 3826 ⁴
203 3826 371 3927 dogmata
392 3822 595 3918 confitetur,
614 3853 630 3886 n
650 3842 733 3917 ergo
748 3815 891 3892 Boetius
906 3838 977 3889 non
994 3820 1058 3906 est,
1073 3810 1134 3911 qui
1150 3809 1187 3885 in
1204 3805 1372 3885 Gonaolo-

203 3963 294 4037 tione
314 3959 358 4034 de
382 3954 585 4034 christianis
612 3954 717 4028 rebus
743 3960 832 4027 tacet
857 3946 1054 4049 praesertim
1074 3946 1119 4022 de
1142 3951 1304 4046 peccate,
1330 3966 1372 4017 ac

194 4062 246 4170 ⁸de
261 4114 453 4192 corporum
474 4086 734 4164 resurreetione
753 4089 801 4183 (p.
821 4078 895 4159 155
911 4090 946 4156 et
964 4074 1065 4174 156).
1084 4077 1273 4154 Haereticos
1288 4073 1373 4149 dicit

206 4261 221 4293 r
252 4225 414 4322 sacrilege
442 4231 476 4298 et
500 4223 602 4320 imple
636 4256 652 4286 »ι
684 4224 809 4294 contra
838 4213 1003 4290 Ecclesiae
1030 4209 1229 4286 doctrinam
1258 4206 1371 4306 egisse

203 4366 254 4461 (p.
275 4354 377 4443 155).
394 4356 493 4432 Idem
510 4363 632 4430 auctor
646 4348 904 4428 contumeliose
918 4344 1074 4443 loquitur
1089 4342 1132 4417 de
1151 4337 1372 4441 philosophis

203 4492 354 4571 dicendo
376 4523 384 4566 :
414 4475 441 4554 α’
461 4488 552 4565 sicut
572 4484 777 4564 Aristoteles
795 4478 981 4578 caeterique
1000 4473 1177 4580 ejusmodi
1197 4485 1232 4551 et
1250 4470 1373 4549 multi-
