3240 5468
741 405 940 477 -156-

251 626 403 707 persona
426 614 457 677 ct
479 601 612 676 dnobus
636 597 775 672 rectario
798 595 964 672 desumit.
991 597 1127 676 Saeculo
1151 600 1289 679 decimo
1314 612 1431 708 sexto,

256 744 418 814 auctores
436 733 585 833 quidum
600 755 619 807 e
634 729 914 806 Protestautium
933 730 1106 831 partibus,
1126 739 1168 808 ut
1191 735 1432 840 Murmellius,

255 869 430 949 Henricus
460 866 657 943 Glareanus
686 871 721 940 et
748 862 809 938 alii
838 862 988 940 dubium
1021 874 1166 944 movent
1198 868 1242 945 de
1270 874 1433 970 genuina

255 1001 367 1082 Boetii
400 999 659 1102 opusculorum
693 995 847 1096 origine,
876 1018 950 1072 non
979 991 1124 1096 quidem
1156 1005 1433 1084 curationibus

256 1133 470 1230 intrinsecis,
491 1131 554 1209 sed
574 1156 617 1208 ex
637 1130 802 1208 affectata
821 1129 1106 1231 impossibilitate
1125 1136 1291 1215 eumdem
1310 1139 1435 1216 virum

255 1293 300 1347 ea
318 1265 562 1369 composuisse
577 1263 637 1364 qui
654 1263 835 1365 scripserit
856 1263 1001 1341 Librum
1015 1267 1056 1342 dc
1072 1262 1325 1347 Consolatione.
1341 1272 1432 1351 Haec

257 1410 342 1480 sunt
361 1399 525 1478 Glareani
544 1399 674 1479 verba¹
695 1431 704 1475 :
730 1430 745 1464 «
766 1398 801 1474 Si
821 1398 857 1476 id
877 1423 969 1501 opus
988 1401 1030 1475 da
1048 1402 1181 1480 dachas
1202 1399 1332 1481 Christi
1350 1431 1434 1482 acr-

258 1537 388 1614 catoris
407 1534 687 1623 carminatoris,
706 1556 747 1609 ac
762 1532 860 1610 idem
872 1536 913 1610 dc
926 1535 1143 1613 sanctissima
1164 1539 1336 1617 Trinitatc
1350 1543 1434 1642 ejus

257 1679 353 1769 suut,
369 1678 410 1746 ut
423 1668 545 1746 titulus
561 1666 716 1770 praefert,
734 1692 795 1744 nea
808 1669 916 1768 stplna
929 1685 1118 1770 repapnat,
1136 1670 1197 1772 qul
1212 1673 1432 1773 factumest,

258 1807 352 1884 utin
366 1805 426 1883 illo
440 1829 546 1907 opere
561 1805 602 1881 de
616 1804 844 1904 Philosophia
867 1805 1127 1898 Consolatione,
1146 1806 1242 1907 quod
1258 1809 1435 1886 ultimum

258 1945 335 2044 ejus
354 1939 570 2038 existimant,
588 1964 672 2018 cum
687 1938 793 2016 toties
808 1939 947 2017 occasio
962 1949 1067 2039 esset,
1089 1966 1135 2019 ne
1153 1942 1264 2019 semel
1281 1943 1436 2042 quidem

261 2074 390 2152 Christi
405 2072 538 2151 mentio
557 2073 621 2149 fiat
632 2079 685 2152 1...
711 2107 727 2176 q»
749 2075 827 2161 Quo
842 2097 916 2150 non
930 2074 1082 2153 deducat
1098 2075 1299 2153 istiusmodi
1319 2099 1437 2177 argu-

261 2208 445 2305 mentatio,
471 2231 577 2284 nemo
602 2230 675 2283 non
697 2206 815 2302 videt3
841 2208 903 2284 sed
925 2208 1140 2285 firmissimis
1169 2209 1366 2287 rationibus
1393 2234 1437 2288 ac

260 2341 423 2420 omnium
440 2349 586 2420 aetatum
603 2340 781 2419 contraria
797 2340 984 2419 traditione
1000 2366 1147 2442 prorsus
1167 2343 1322 2423 eliditur.
1340 2346 1437 2421 Cen·

261 2478 451 2556 turiatores
475 2475 823 2580 Magdeburgensesl
845 2485 1005 2554 veterum
1027 2477 1212 2554 sententiae
1235 2479 1437 2579 adherent,

262 2636 426 2689 necnon
451 2620 486 2690 et
511 2609 688 2711 Grotius³,
713 2611 795 2689 licet
819 2615 1060 2690 Protestantes
1083 2612 1236 2712 utrique.
1262 2614 1439 2690 ductores

262 2745 425 2823 catholici
442 2744 595 2844 Labbe‘,
611 2745 831 2844 Fabricius⁵,
852 2745 949 2847 Cally
958 2742 983 2844 ⁶,
995 2750 1087 2823 Dom
1102 2747 1268 2824 Gerraise
1278 2744 1302 2844 ⁷,
1318 2747 1439 2823 Fran·

262 2875 450 2979 chevillel,
489 2881 580 2956 Dum
621 2875 785 2955 ceillier⁹
821 2886 961 2956 nostras
999 2887 1120 2956 tenent
1159 2887 1289 2981 partes.
1332 2878 1439 2957 Idem

261 3009 457 3090 dicendum
491 3012 536 3092 de
571 3013 788 3115 quibusdam
825 3013 1110 3091 Protestantibus
1152 3012 1355 3092 auctoribus
1398 3022 1441 3090 ut

266 3249 457 3260 ————-

300 3389 310 3423 ¹
330 3388 397 3439 Edit.
411 3388 498 3450 Basil,
513 3389 584 3453 1516,
596 3389 625 3439 in
638 3390 803 3452 Prosationc.
818 3392 880 3442 llaec
894 3391 973 3442 habet
984 3392 1014 3441 D.
1028 3391 1133 3442 Ceillier
1149 3391 1228 3456 (Hist.
1241 3390 1301 3456 aean.
1314 3391 1360 3441 des
1378 3399 1440 3444 ont.

264 3480 320 3518 sac.
335 3473 361 3517 et
369 3468 464 3533 profi),
474 3474 538 3519 tom.
551 3470 604 3533 XV,
618 3485 643 3534 p.
656 3469 711 3520 581.
725 3469 792 3522 Edit.
803 3471 886 3532 Paris,
897 3473 967 3523 1118.
982 3490 993 3518 a
1006 3472 1091 3522 Avant
1102 3472 1188 3537 Henry
1199 3471 1269 3522 Lorit
1278 3472 1441 3536 (laureanus

264 3548 319 3598 sive
332 3547 480 3613 Glareanus)
503 3565 591 3600 connu
603 3565 663 3600 sous
676 3551 702 3600 le
724 3565 787 3600 nom
801 3551 833 3601 de
855 3551 1007 3611 Glareanus
1020 3564 1055 3600 on
1068 3566 1102 3601 ne
1123 3553 1208 3602 s'etait
1227 3551 1300 3615 point
1321 3551 1393 3600 avise
1406 3552 1442 3601 de

264 3632 397 3679 contester
412 3628 427 3678 a
447 3629 531 3680 Boece
545 3631 584 3680 les
605 3630 666 3693 cinq
680 3631 760 3681 liures
780 3632 813 3681 de
826 3632 851 3681 la
864 3633 1024 3684 consolation
1038 3636 1071 3685 de
1092 3634 1117 3684 la
1139 3631 1310 3696 philosophie.
1332 3631 1400 3680 Tout
1415 3632 1442 3682 le

263 3708 359 3758 monde
372 3709 411 3758 les
422 3709 460 3758 lui
473 3711 607 3761 attribuait
620 3726 680 3761 sans
691 3711 833 3775 difficulte;
847 3727 880 3761 on
892 3728 907 3776 p
920 3713 1108 3764 reconnaissait
1117 3727 1163 3763 son
1173 3711 1238 3776 style
1251 3715 1278 3760 et
1289 3724 1337 3759 son
1349 3711 1441 3774 ge'nie.

264 3783 329 3838 Mais
345 3785 486 3839 Glareanus
497 3794 631 3854 comptant
641 3806 708 3856 pour
718 3792 775 3841 rien
787 3796 873 3842 tontes
887 3804 931 3842 ces
942 3793 1044 3843 raisons
1054 3794 1094 3843 les
1106 3809 1120 3842 a
1132 3792 1243 3854 reJetees
1254 3805 1301 3854 par
1312 3790 1369 3839 cela
1381 3791 1442 3839 seul

264 3867 344 3930 qu’on
357 3880 391 3914 ne
403 3868 434 3916 lit
445 3882 491 3931 pas
504 3884 557 3918 une
569 3873 642 3920 seule
656 3873 704 3921 lois
716 3873 781 3922 dans
793 3886 836 3922 ces
848 3872 926 3922 liures
937 3873 963 3924 le
974 3887 1038 3923 nom
1049 3875 1082 3923 de
1095 3870 1278 3924 lesus-Christ.
1293 3887 1303 3916 ι

299 3947 311 3979 ¹
337 3944 410 3995 Hist.
427 3947 531 4010 eccles,
544 3947 634 4011 Basil,
647 3951 718 4012 1559,
730 3956 796 4014 part.
806 3952 849 4002 Vl.

300 4031 313 4064 ⁸
333 4028 437 4094 Protea.
450 4031 487 4080 ad
504 4032 568 4081 hist.
582 4031 670 4091 Goth..
683 4031 826 4090 amstelod,
839 4031 911 4094 1655,
925 4046 951 4095 p.
965 4030 1004 4082 32.

300 4112 313 4145 ⁴
333 4111 374 4160 Dc
385 4109 484 4174 Script.
498 4112 602 4172 eccles,
613 4110 696 4171 Paris,
709 4110 780 4171 1666,
792 4126 817 4174 p.
830 4110 885 4160 not.
1113 4107 1116 4113 '

302 4191 314 4226 ⁵
333 4191 463 4242 Biblioth.
478 4191 567 4254 latin,
582 4192 742 4256 Hambourg‚
752 4191 825 4255 1111,
837 4206 863 4255 p.
878 4191 932 4242 611.

239 4264 243 4274 ’
300 4274 312 4307 ⁸
331 4271 406 4320 Edit.
420 4273 457 4322 od
469 4287 551 4322 uonna
562 4273 702 4336 Delphin,
716 4271 799 4333 Paris,
815 4271 886 4333 1686,
899 4275 926 4320 et
937 4271 1030 4335 lligne,
1043 4275 1106 4320 tom.
1121 4269 1210 4327 LXIll,
1224 4270 1274 4318 col.
1287 4268 1342 4319 561.

302 4354 313 4384 l
333 4353 454 4403 Histoire
467 4354 500 4404 dc
511 4353 605 4413 Bucco,
620 4353 703 4410 Paris,
715 4352 787 4410 1115,
800 4357 826 4402 et
838 4353 934 4416 Migne,
946 4357 1009 4401 tom.
1023 4352 1105 4413 LXIV,
1118 4352 1167 4401 col.
1178 4350 1250 4400 1111.
1291 4399 1294 4405 ,

301 4436 314 4468 ⁸
332 4432 371 4481 La
384 4432 556 4485 Consolation
566 4434 666 4497 philos.
683 4433 716 4483 ate
731 4433 823 4492 Bacca,
836 4433 956 4482 nouvelle
967 4432 1124 4494 traduction,
1137 4431 1152 4480 1
1163 4432 1189 4480 la
1200 4431 1281 4494 llaye,
1293 4430 1363 4484 1111.

301 4513 314 4546 ⁰
335 4511 407 4569 Hist.
418 4512 478 4577 pe'n.
491 4514 538 4564 des
550 4517 607 4564 ant.
620 4513 711 4568 sacres
725 4519 750 4562 et
761 4511 866 4578 ecclia,
881 4517 944 4562 tom.
957 4511 1010 4570 111,
1026 4511 1107 4574 Paris,
1122 4510 1193 4562 1118.
