3240 5468
664 493 709 506 -
732 453 798 522 1125
820 492 864 506 «-

232 642 384 741 Hisquae
400 640 615 741 objiciantur
630 643 681 716 ita
694 644 1052 743 respondetBoetius,
1067 646 1242 746 permulta
1254 657 1350 748 sunt,

177 773 240 870 ait,
268 773 303 849 in
340 773 507 874 praesenti
543 773 731 852 hominum
769 775 972 853 conditione
1013 801 1093 877 quae
1130 776 1220 854 falso
1259 778 1352 855 mala

178 905 359 1000 dicuntur,
375 929 525 1005 quaeque
536 932 576 990 ex
588 906 864 1007 sapientissimis
875 914 1012 982 naturae
1021 906 1158 1006 legibus
1174 909 1353 1008 profluere

180 1065 286 1117 nemo
302 1064 373 1117 non
389 1040 495 1118 videt.
516 1079 532 1113 a
556 1044 702 1118 Constat
718 1038 877 1139 genitum
893 1039 993 1138 nihil,
1020 1075 1035 1107 a
1058 1039 1216 1116 mundus
1239 1072 1253 1105 i
1277 1064 1354 1140 per-

180 1181 288 1274 petuo
303 1196 387 1250 suas
399 1173 513 1252 variat
529 1175 622 1251 vices
635 1173 657 1248 ¹.
686 1209 698 1238 ο

503 1399 587 1481 Saepe
598 1401 744 1463 ferventes
758 1402 857 1482 aquilo
873 1403 1017 1484 proeellas

559 1505 651 1568 Verso
667 1507 794 1570 concitat
809 1525 947 1588 aequore3

503 1613 588 1694 Saepe
603 1613 762 1695 tranquillo
777 1613 872 1676 radiat
887 1632 992 1676 sereno

564 1717 698 1782 Immotis
715 1737 796 1783 mare
810 1718 958 1783 fluctibus.

233 1918 257 1998 'a
290 1926 400 2003 Anxia
421 1936 472 2002 est
491 1951 549 2003 res
570 1928 811 2005 humanorum
832 1926 988 2003 conditio
1007 1927 1197 2024 bonorum,
1219 1937 1252 2003 at
1277 1951 1357 2027 qnae

186 2059 239 2136 vel
266 2083 450 2157 nunquam
473 2066 546 2134 tota
567 2059 769 2160 proveniat,
790 2059 843 2135 vel
864 2080 1052 2156 nunquam
1082 2067 1252 2157 perpetua
1278 2059 1359 2135 sula

187 2192 303 2267 sistat.
328 2190 420 2266 linio
443 2214 574 2267 eensus
598 2193 779 2286 exuberat,
802 2191 865 2267 sed
884 2199 938 2267 est
957 2191 1085 2291 pudori
1102 2190 1255 2289 degener
1270 2215 1360 2266 san-

189 2325 278 2423 guis.
295 2325 399 2399 Hune
418 2322 586 2400 nobilitas
600 2333 726 2400 notum
740 2323 836 2420 fauit,
850 2324 912 2401 sed
927 2323 1089 2423 angustia
1107 2323 1156 2398 rei
1171 2321 1359 2399 familiaris

188 2455 368 2549 inclusus,
401 2477 481 2531 esse
517 2454 639 2531 mallet
670 2456 824 2556 ignotus.
853 2456 916 2532 Ille
945 2464 1098 2556 utroque
1127 2456 1360 2533 circumfluus

190 2587 300 2663 vitam
316 2586 477 2663 ooelibem
492 2587 617 2682 deflet3
635 2587 690 2664 ille
706 2590 841 2690 nuptiis
855 2588 952 2686 felix,
972 2590 1082 2666 orbus
1097 2587 1230 2685 liberis,
1246 2589 1361 2664 alieno

191 2740 338 2795 censum
354 2716 465 2794 nutrit
480 2716 625 2794 haeredi.
638 2717 736 2794 Alius
750 2719 850 2818 prole
863 2717 1076 2796 laetatusfrlii
1086 2719 1212 2794 filiaeve
1225 2717 1362 2794 delictis

192 2860 343 2929 moestus
368 2850 580 2929 inlacrimat.
605 2852 741 2930 idcirco
764 2876 870 2929 nemo
890 2852 991 2930 facile
1015 2875 1096 2927 oum
1117 2850 1270 2927 fortunae
1290 2875 1363 2926 suae

193 2986 395 3063 conditione
410 2986 603 3062 coneordat
615 2981 639 3064 ⁹.
660 3020 676 3053 ι

246 3122 329 3208 Haeo
344 3128 465 3197 autem
480 3120 600 3196 omnia
616 3120 661 3193 ad
681 3128 896 3219 presentem
914 3119 1102 3195 hominum
1122 3116 1365 3194 conditionem

194 3252 384 3354 pertinent,
409 3253 446 3327 in
472 3277 542 3351 qua
568 3252 709 3327 dolores
729 3274 771 3327 ao
790 3252 920 3350 gaudia
940 3251 1146 3327 miscentur.
1170 3248 1207 3325 Si
1223 3248 1367 3326 doleant

195 3386 358 3464 homines
369 3385 415 3463 de
430 3384 622 3461 amissione
637 3385 814 3461 bonorum
829 3376 995 3478 fortunae,
1013 3381 1230 3482 divitiarum,
1250 3383 1366 3457 hono-

195 3542 287 3617 rum,
311 3516 430 3618 famae,
454 3525 735 3615 caeterarumque
755 3517 988 3616 hujusmodi,
1011 3538 1082 3590 non
1106 3515 1191 3589 satis
1210 3537 1368 3614 perpen-

197 3648 286 3724 dunt
319 3671 427 3748 quam
460 3648 612 3748 fragilia,
642 3671 750 3747 quam
780 3648 913 3724 caduca
949 3647 1022 3726 sint
1052 3649 1120 3724 ista
1143 3649 1248 3724 bona.
1278 3650 1368 3747 Ergo

197 3806 321 3858 eorum
338 3782 483 3857 amissio
496 3780 673 3858 immerito
695 3781 829 3856 malum
843 3790 999 3858 vocatur.
1025 3781 1222 3857 «rUllamne
1238 3780 1370 3855 huma-

198 3913 254 3988 nis
272 3915 378 3990 rebus
394 3915 510 3990 inesse
523 3915 761 3991 constantiam
779 3914 877 4006 reris,
894 3939 976 3989 oum
997 3915 1115 4014 ipsum
1142 3938 1235 4014 saepe
1253 3914 1371 3990 lromi·

199 4071 280 4122 nem
307 4046 404 4124 velox
428 4048 514 4123 hora
539 4046 737 4123 dissolvat?
757 4049 847 4123 Nam
866 4047 931 4123 etsi
952 4071 1032 4123 rara
1048 4056 1103 4124 est
1116 4045 1273 4122 fortuitis
1288 4069 1370 4120 maae

201 4180 307 4253 nendi
323 4179 425 4274 tides,
441 4181 589 4254 ultimus
605 4189 722 4254 tamen
740 4179 819 4253 vitae
834 4181 910 4254 dies
927 4204 1023 4256 mors
1039 4178 1200 4277 quaedam
1216 4176 1371 4249 fortunae

143 4466 149 4473 '
236 4466 246 4500 ¹
267 4465 346 4518 Cone.
362 4467 394 4529 ΙΙ,
407 4470 470 4517 met.
483 4465 516 4530 33
534 4480 572 4529 pr.
586 4466 610 4516 f.

236 4546 248 4578 t
268 4542 348 4595 Cone.
364 4546 397 4607 ll,
410 4560 449 4609 pr.
463 4545 488 4595 t.
