3240 5468
538 920 541 925 ’
571 884 921 968 CONCLUSIO

657 1217 851 1232 w—-uuu-—no

226 1596 274 1671 Er
290 1593 412 1671 multis
428 1617 512 1696 ergo
527 1595 745 1696 argumentis
761 1619 839 1696 quae
854 1595 898 1672 ab
913 1594 1126 1676 adversariis
1141 1599 1339 1678 afferuntur

172 1727 308 1804 nullum
322 1729 399 1827 jam
413 1728 592 1830 integrum
611 1751 652 1805 ac
666 1729 812 1806 firmum
831 1738 1002 1808 remanet.
1026 1732 1154 1811 Totum
1172 1731 1339 1812 Nitzschii

172 1862 216 1938 de
235 1861 356 1937 Boetio
371 1869 527 1962 systema
543 1862 712 1939 evertitur
726 1886 767 1939 eo
783 1863 862 1963 ipso
878 1863 973 1964 qnod
988 1864 1099 1941 Bootii
1114 1863 1339 1970 philosophia

171 1992 318 2071 minime
346 1992 547 2069 christianae
575 1993 659 2071 fidei
684 1995 847 2097 opposita
877 1995 1163 2090 demonstratum
1195 2001 1339 2080 Obbarii

172 2130 255 2226 tela,
270 2127 436 2205 insolenti
448 2128 599 2206 nimium
615 2153 725 2206 manu
741 2129 881 2228 emissa,
899 2131 1079 2208 confracta
1086 2132 1228 2232 jacent3
1243 2132 1339 2211 idem

172 2262 362 2341 dicendum
377 2263 420 2340 de
439 2264 653 2365 conjecturis
667 2288 757 2367 quas
777 2268 1029 2345 confinxerunt
1046 2267 1119 2365 alii,
1139 2269 1339 2346 firmiorum
1359 2259 1361 2262 ⁴

171 2409 463 2499 argumentorum
477 2397 613 2502 inopes.
624 2376 701 2476 'Nos
716 2423 797 2476 cum
815 2407 976 2478 veterum
996 2401 1148 2479 emedio
1163 2426 1237 2479 aevo
1253 2401 1339 2503 phi-

170 2530 404 2635 losophorum
435 2532 580 2630 Schola,
611 2533 776 2609 Boetium
803 2533 953 2611 colimus
985 2559 1027 2612 aa
1061 2557 1272 2613 veneramur
1300 2543 1339 2611 ut

171 2664 288 2741 virum
316 2663 562 2762 christianum,
593 2672 631 2741 ut
665 2665 880 2767 theologum,
911 2674 951 2743 ut
980 2667 1246 2768 philosophum,
1276 2667 1339 2766 qui

171 2798 269 2876 salva
293 2806 328 2876 et
349 2798 519 2876 incolumi
539 2797 721 2877 catholicae
739 2799 825 2876 fidei
843 2800 976 2901 regula,
999 2799 1134 2877 altioris
1154 2799 1340 2903 sapientiae

171 2933 289 3012 studio
312 2931 531 3032 flagraverit,
564 2954 605 3010 ac
638 2932 864 3009 difficillimas
889 2933 1120 3034 quaestioneS,
1145 2940 1340 3033 utcumque

172 3071 297 3168 potuit,
317 3066 375 3143 via
390 3066 539 3143 rationis
554 3066 689 3143 solvere
708 3067 908 3146 tantaverit.

225 3201 315 3277 Huic
344 3224 428 3301 ergo
456 3207 586 3276 nostrae
618 3199 859 3300 disquisitioni
892 3201 1001 3281 tinem
1029 3200 1087 3277 his
1123 3199 1163 3281 D.
1195 3200 1341 3276 Thomas

173 3314 288 3414 vorbis
313 3336 542 3438 imponamus
568 3365 575 3408 :
601 3334 816 3412 «Naturalis
843 3334 973 3412 montis
1000 3335 1168 3411 humanae
1190 3332 1341 3407 intuitus

178 3506 193 3536 »
225 3471 383 3572 pondere
399 3467 635 3568 corruptibilis
658 3468 817 3569 corporis
833 3475 1045 3568 aggravatus
1064 3465 1100 3541 in
1117 3463 1233 3565 prima
1255 3463 1341 3539 veri·

178 3641 193 3672 »
226 3604 416 3700 latislaus,
434 3626 561 3702 exqua
581 3603 703 3682 omnia
725 3610 810 3678 sunt
831 3591 934 3677 facile
958 3595 1211 3700 'cognoscibilia
1234 3595 1340 3695 defigi

178 3775 194 3806 »
226 3763 297 3814 non
331 3745 450 3839 potest
478 3723 619 3814 :unde
647 3743 787 3839 oportet
815 3734 912 3837 quod
941 3732 1141 3810 secundum
1168 3727 1341 3805 naturalis

179 3907 194 3939 »
225 3870 435 3970 cognitionis
459 3894 686 3971 progressum
713 3869 801 3945 ratio
829 3892 848 3944 a
878 3863 1134 3967 posterioribus
1157 3861 1194 3936 in
1221 3860 1342 3963 priora

160 4042 194 4104 μι»
226 4004 390 4083 deveniat
412 4012 447 4081 et
470 4027 492 4081 a
511 4003 683 4081 creaturis
709 4003 747 4081 in
773 4004 923 4079 Deum...
941 4006 1113 4077 creaturae
1140 4010 1255 4072 aaran
1278 4018 1342 4097 per

180 4176 193 4206 n
225 4162 316 4241 quas
339 4138 551 4216 naturaliter
569 4137 792 4238 cognoscitur
812 4137 920 4232 Deus,
938 4134 977 4209 in
995 4130 1179 4209 infinitum
1198 4128 1340 4228 abipso

179 4310 195 4339 ι»
225 4273 371 4349 distant.
401 4273 470 4350 Sod
498 4271 583 4372 quia
610 4271 647 4346 in
675 4269 838 4368 hisquae
870 4265 994 4368 procul
1021 4263 1204 4362 videntur,
1235 4261 1340 4340 facile

182 4443 195 4473 n
227 4405 326 4483 visus
349 4403 535 4505 decipitur,
557 4402 690 4481 ideirco
717 4427 760 4479 ex
782 4399 954 4478 creaturis
981 4397 1020 4476 in
1046 4399 1161 4476 Deum
1188 4417 1340 4496 cognos-

180 4575 196 4607 »
228 4538 380 4617 cendum
405 4536 602 4634 tendentes,
627 4535 665 4612 in
693 4557 832 4614 errores
857 4529 1070 4638 multiplices
1097 4527 1339 4613 inciderunt„
