3240 5468
729 448 905 516 -pq-

235 637 346 716 tinere
364 638 503 715 censuit
523 638 677 733 Boetius,
699 660 771 713 non
794 635 940 737 quidem
959 638 1005 714 ad
1020 637 1117 714 ittam
1137 662 1274 717 meram
1289 657 1403 718 artem

232 772 416 869 copitooda',
442 780 482 847 ut
505 771 722 848 definierunt
741 772 972 866 recentiores,
994 773 1058 849 sed
1083 773 1129 850 ad
1152 797 1232 852 eam
1252 774 1405 875 logicam

232 928 336 1002 quae«
353 905 463 1005 partis
475 903 793 1006 philosophiaevice
804 904 909 980 simut
922 904 1222 1005 instrumentique
1233 907 1405 1008 iungatur

231 1037 348 1116 Officio
363 1035 386 1113 ¹.
409 1073 424 1106 o
619 1031 622 1034 ¹

286 1172 401 1270 Hujus
425 1169 547 1271 logicae
571 1170 652 1246 finis
675 1178 730 1246 est
753 1169 909 1247 inventio
933 1169 1182 1270 judiciumque
1205 1172 1402 1250 rationum.

232 1303 436 1381 Aristotcles
466 1311 587 1380 autern
619 1303 802 1380 rationum
831 1303 903 1378 vim
937 1327 1082 1379 omnem
1117 1303 1154 1379 in
1187 1304 1406 1406 syllogismis

232 1437 438 1538 apodicticis
450 1438 589 1538 posuit3
606 1461 690 1514 cum
706 1445 826 1513 autem
842 1437 1068 1537 syllogismus
1080 1437 1196 1514 omnis
1211 1463 1251 1515 ax
1270 1463 1404 1540 propo-

134 1662 137 1667 ,
233 1570 420 1648 sitionibns
435 1578 584 1670 constet,
600 1569 933 1672 propositionesque
949 1594 990 1647 cr
1006 1569 1132 1670 primis
1151 1595 1274 1647 rarum
1290 1573 1406 1648 nomi-

233 1703 350 1799 nihus,
372 1704 534 1804 sequitur
549 1704 786 1782 rectissimum
801 1702 962 1780 discendi
976 1702 1137 1780 ordinem
1157 1702 1406 1805 incipiendum

231 1859 310 1915 esse
324 1860 365 1912 ex
376 1836 564 1937 Porphyrii
574 1835 664 1912 libro
681 1834 778 1911 velut
794 1843 1050 1935 praegustatore
1065 1859 1107 1910 ac
1122 1835 1279 1934 quodam
1295 1837 1406 1914 modo

234 1968 423 2047 initiatore.
445 1971 572 2068 ltaque
592 1970 633 2044 de
655 1970 806 2068 quinque
828 1969 963 2044 conitus
982 1968 1250 2064 disserendum,
1272 1968 1407 2047 scilicet

232 2101 429 2200 degenere,
446 2101 489 2176 de
505 2099 634 2200 specie,
652 2099 696 2176 de
711 2100 921 2197 differentia,
937 2101 982 2176 de
998 2101 1141 2202 proprio
1156 2109 1190 2177 et
1206 2101 1407 2178 accidente.

233 2235 286 2310 lta
311 2234 406 2310 enim
432 2232 572 2310 facilior
595 2233 774 2333 aperietur
795 2232 852 2309 via
871 2232 917 2308 ad
937 2232 1060 2309 decem
1082 2233 1278 2310 Aristotelis
1308 2259 1408 2336 prae-

233 2341 456 2461 dicamenta,
482 2390 562 2465 qnae
586 2366 652 2442 sub
678 2364 806 2441 ultimo
829 2365 992 2442 omnium
1016 2389 1144 2465 genere
1173 2366 1260 2442 ontis
1289 2367 1416 2442 couti.

234 2509 363 2576 nentur
379 2495 403 2574 ².

289 2632 529 2719 Quaestionem
550 2635 594 2710 de
615 2633 877 2740 universalibus
895 2633 951 2708 his
966 2632 1082 2709 verbis
1097 2642 1215 2720 movet
1232 2635 1380 2712 Boetius
1398 2664 1406 2708 :

291 2797 306 2829 «
340 2766 513 2843 Utrumne
530 2767 578 2843 ita
594 2766 834 2866 intelligamus
850 2766 986 2866 species
1001 2776 1036 2841 et
1051 2789 1192 2865 genera,
1211 2779 1251 2841 ut
1269 2789 1311 2843 ca
1326 2791 1409 2866 quae

238 2933 255 2967 o
288 2909 372 2976 sunt
388 2909 473 2978 etex
490 2900 620 3000 quibus
632 2925 758 2976 verum
769 2898 933 3000 capimus
949 2898 1179 2995 intellectum,
1195 2923 1238 2975 un
1252 2911 1410 2977 nosmet.
1427 2888 1430 2891 ’

238 3032 383 3132 »ipsos
402 3032 581 3110 eludimus
604 3057 689 3109 oum
710 3057 753 3108 ea
770 3057 849 3130 quae
864 3056 936 3107 non
957 3042 1042 3107 sunt
1062 3031 1165 3108 nohis
1184 3056 1286 3109 cassa
1311 3032 1419 3109 ima-,

239 3197 256 3231 ι
289 3165 466 3263 ginatione
485 3162 682 3239 formanus.
705 3163 809 3251 Quod
829 3163 859 3238 si
880 3188 957 3240 esse
978 3163 1123 3262 quidem
1139 3165 1356 3262 eonstiterit,
1373 3175 1409 3242 et

239 3331 256 3364 a
287 3296 332 3372 ab
352 3296 406 3372 his
422 3320 501 3396 quae
516 3303 599 3371 sunt
614 3296 832 3372 intellectum
848 3297 987 3398 concipi
1004 3297 1216 3393 dixerimus,
1235 3305 1320 3374 tunc
1337 3299 1409 3384 alta

239 3460 262 3498 »-
289 3431 403 3528 major
432 3452 473 3505 ac
501 3428 679 3506 difficilior
707 3427 856 3528 quaestio
885 3429 1143 3505 dubitationem
1172 3439 1296 3529 parat,
1323 3455 1409 3507 cum

240 3599 256 3634 a
288 3563 513 3641 discernendi
548 3571 656 3661 atque
689 3561 906 3662 intelligendi
934 3562 1074 3661 generis
1098 3561 1211 3664 ipsius
1241 3570 1410 3638 naturam

239 3731 256 3766 2
288 3721 431 3774 summa
446 3697 637 3772 difficultas
660 3695 872 3774 ostenditur.
894 3699 984 3769 Nam
1002 3694 1173 3792 quoniam
1188 3718 1294 3771 omne
1309 3696 1407 3795 quod

239 3865 255 3898 a
287 3837 352 3922 est,
372 3842 434 3903 aut
455 3851 681 3927 oruporeum,
711 3836 774 3903 aut
798 3827 1051 3926 incorporeum
1075 3850 1153 3904 esse
1170 3850 1315 3905 necesse
1331 3836 1405 3924 cst,

239 3997 256 4032 2
288 3985 400 4062 genus
416 3970 451 4037 et
474 3960 610 4061 species
635 3959 671 4035 in
697 3959 817 4058 aliquo
842 3943 973 4037 horum
998 3982 1076 4036 esse
1095 3939 1322 4061 oportebit...
1345 3960 1408 4038 sed

240 4131 257 4164 2·
289 4119 406 4193 nequo
431 4090 513 4171 curn
542 4096 614 4170 haec
640 4093 754 4170 soluta
775 4093 880 4170 fuerit
900 4093 1061 4191 quaestio,
1087 4116 1194 4168 omne
1209 4091 1408 4168 excluditur

1213 4328 1407 4344 ..ι-Ἦ

272 4477 280 4508 ¹
303 4473 340 4522 In
352 4471 484 4538 Porptrpr.
496 4487 514 4523 c
524 4487 551 4524 sc
565 4475 701 4535 tronotot„
717 4473 810 4539 ttigne,
824 4477 841 4523 t.
855 4470 939 4533 LXIV,
953 4470 1002 4520 ool.
1017 4470 1055 4523 tt.

270 4555 283 4588 ¹
303 4552 374 4608 ibid.
710 4582 712 4586 »
945 4579 947 4583 ·
