3240 5468
712 437 890 521 *ti-

270 638 370 718 Nune
392 636 592 740 quiden·
614 639 728 719 eheu!
751 637 901 718 miseros
924 639 1066 718 tramite
1093 625 1217 719 devias
1239 626 1390 720 abducit

216 772 417 875 ignorantia
431 769 454 852 ¹.
475 807 493 842 ι
515 772 617 851 Nunc
637 805 657 844 e
675 795 778 852 mens
793 770 896 852 cecis
914 772 1044 852 obruta
1062 772 1245 874 membris,
1262 776 1389 875 nequit

215 904 380 1007 oppressi
404 905 551 983 luminis
580 905 676 1007 igne,
705 929 826 984 rerum
855 917 981 984 tenues
1009 929 1157 985 noscere
1185 907 1335 1004 nerus¹,
1368 942 1386 977 »

219 1070 238 1108 α
266 1063 341 1117 nen
364 1039 548 1117 tamenin
571 1047 687 1117 tetum
706 1048 762 1132 est
793 1038 901 1118 oblita
925 1038 998 1140 sui,
1027 1061 1113 1117 nam
1140 1063 1259 1141 neque
1289 1040 1388 1119 nevit

217 1195 334 1273 neque
349 1171 462 1252 nescit
474 1171 607 1250 emnia.
629 1206 647 1241 κ

457 1470 518 1538 Sed
531 1488 619 1555 qnam
635 1472 766 1538 retinens
780 1474 916 1540 meminit
932 1493 1094 1557 summam,

457 1580 591 1645 Consulit
601 1581 663 1645 alte
675 1580 737 1645 visa
750 1590 922 1663 retractans,

458 1688 497 1756 Ut
508 1687 632 1753 serratis
646 1696 735 1771 queat
748 1689 852 1755 oblitas

536 1799 654 1866 addere
668 1807 778 1886 partes.

274 2108 523 2186 Eximiaeninr
541 2116 577 2185 et
599 2107 771 2186 altissima
790 2109 928 2210 primus
952 2131 973 2186 a
996 2109 1070 2187 Deo
1088 2109 1252 2187 conditus
1279 2109 1393 2186 hema

220 2241 475 2321 inclarescebat
493 2242 651 2321 scientia.
672 2245 835 2343 Magnam
855 2250 980 2320 autem
1003 2243 1132 2320 mentis
1160 2241 1393 2344 pertubatio-

222 2400 304 2453 nem
322 2398 448 2476 passus
464 2385 529 2475 est,
551 2385 586 2453 et
605 2375 861 2453 inde-‘maxima
879 2374 1104 2454 inveniendae
1118 2374 1286 2454 >veritatis
1315 2373 1395 2448 dii-

222 2508 364 2586 ficultas
382 2507 510 2590 oritur.
960 2533 962 2535 ’

463 2803 529 2868 Heu
543 2822 631 2888 quam
646 2802 790 2888 precipiti
804 2821 901 2868 mersa
916 2805 1061 2886 profundo

462 2912 545 2978 Mens
559 2912 658 2991 hehet,
675 2920 705 2976 et
718 2912 838 2995 propria
851 2913 917 2975 luca
929 2911 1046 2992 relicta,

404 3013 406 3017 ’
462 3018 569 3084 Tendit
583 3017 614 3082 in
628 3027 764 3084 externas
778 3019 822 3083 ire
836 3019 989 3098 tenebras,

466 3125 605 3189 Terrenis
619 3126 755 3209 quotiens
772 3126 890 3190 flatibus
904 3136 1004 3206 aucta,

464 3231 577 3296 Crescit
590 3231 620 3294 in
635 3232 814 3296 immensum
828 3233 915 3296 neria
930 3253 1012 3298 cura.

465 3338 520 3404 Hic
534 3340 682 3422 quandam
697 3339 771 3404 cecla
784 3340 861 3403 liber
874 3351 992 3432 aperto,

465 3448 574 3514 Suetus
586 3447 619 3512 in
632 3447 770 3514 etherius
783 3447 828 3511 ire
842 3458 973 3529 meatus,

467 3556 613 3622 Cernebat
626 3555 705 3621 rosei
718 3554 833 3620 lumina
845 3554 928 3636 solis,

469 3665 588 3728 Visebat
603 3664 707 3744 gelidae
722 3663 820 3727 sidera
833 3663 913 3727 lunae

467 3776 502 3844 Et
516 3790 710 3854 quaecumque
722 3789 810 3853 vagos
825 3771 910 3834 stella
922 3789 1061 3836 recursus

467 3867 592 3941 Exercet
603 3878 699 3941 varies
711 3879 787 3943 flexa
800 3897 854 3962 per
867 3880 966 3954 orbes,

472 3983 681 4066 Comprensam
696 3985 828 4050 numeris
842 3985 933 4055 vietor
946 3984 1083 4050 habebat.

267 4492 276 4526 ¹
300 4490 417 4554 Caesel„
430 4490 475 4542 lib.
490 4491 535 4555 111,
548 4498 611 4543 met.
625 4493 650 4544 8.

266 4575 277 4607 ²
300 4570 415 4640 Cenaei„
427 4571 473 4628 lib.
487 4573 518 4638 V,
532 4576 596 4629 met.
608 4574 631 4638 3.
