3240 5468
773 427 950 507 „pg-

275 622 431 699 veritatis
449 624 601 701 venirc¹.
628 660 647 699 c
677 623 832 723 Singulis
855 624 1061 701 hominibus
1080 626 1183 726 qnasi
1203 626 1316 706 fraena
1335 629 1449 726 dedit,

274 779 357 832 cum
367 763 545 857 praccepta
561 779 703 832 morum
714 757 909 858 cojustitiae
924 758 1038 859 legem
1053 759 1450 863 mentibusinsculpsit,

273 889 329 966 cui
355 889 603 992 obtemperare
622 914 765 967 summa
783 890 928 969 libertas
943 899 1008 970 ed.
1024 894 1113 969 Nam
1132 925 1148 960 α
1170 894 1233 994 qui
1251 893 1337 972 lacit
1360 918 1451 997 pec-

272 1032 405 1121 catum,
425 1048 549 1103 servus
575 1034 629 1103 est
653 1021 825 1126 peccati².
849 1055 866 1092 »
894 1026 1039 1104 Certum
1063 1035 1116 1107 est
1136 1028 1244 1106 ctiam
1259 1027 1450 1106 hominem

271 1181 469 1258 numquam
496 1183 538 1237 ex
563 1159 630 1236 hac
656 1157 789 1237 coelcsti
818 1159 932 1261 patria
954 1159 1127 1258 exulasse,
1156 1160 1228 1238 nisi
1256 1161 1352 1238 mala
1380 1185 1452 1238 sua

272 1291 454 1369 voluntate
482 1293 576 1370 hanc
597 1293 710 1370 exsilii
734 1316 879 1394 posnam
901 1293 978 1394 ipse
1007 1293 1074 1370 sibi
1101 1294 1340 1395 irrogavisset.
1362 1295 1449 1372 Haeo

273 1433 327 1502 ast
351 1425 446 1502 illius
465 1449 630 1528 supemaa
645 1426 796 1506 civitatis
816 1427 1066 1527 antiquissima
1079 1427 1148 1506 lex.
1165 1428 1248 1505 Haec
1263 1427 1317 1506 lex
1336 1427 1450 1506 etiam

271 1559 364 1658 viget
384 1560 422 1636 in
437 1560 593 1638 Ecclesia
609 1569 734 1639 sancta
749 1561 812 1639 Dei
827 1585 909 1663 quac
921 1561 1007 1639 huic
1022 1584 1188 1663 supernae
1202 1561 1447 1664 (conjungitur,

272 1698 307 1768 at
326 1691 364 1766 in
378 1717 449 1792 qua
471 1725 488 1762 a
510 1693 602 1772 vallo
617 1702 651 1772 at
666 1694 876 1795 munimine,
900 1735 916 1769 a
937 1701 975 1771 ut
994 1695 1044 1770 ita
1062 1694 1194 1792 dicam,
1218 1693 1450 1772 continemur

271 1849 336 1926 per
358 1827 633 1913 ecclesiasticam
657 1828 884 1931 disciplinam
907 1836 943 1907 et
971 1836 1097 1906 caetera
1126 1827 1331 1906 christianae
1359 1826 1448 1904 fidei

271 1970 507 2039 sacramenta.
527 2002 543 2037 a
561 1963 665 2042 Fides
676 1971 796 2042 aulam
810 1965 913 2041 bone
927 1962 1121 2041 voluntatis
1131 1970 1166 2039 el
1177 1963 1284 2062 justae
1294 1959 1448 2038 actionis

271 2102 325 2172 est
339 2095 490 2194 genitrix
500 2093 524 2197 ³,
545 2096 658 2174 »ideo
673 2097 837 2199 quisquis
855 2098 947 2175 hanc
957 2097 1134 2175 civitatem
1144 2096 1345 2173 inhabitare
1354 2093 1451 2174 velle

271 2228 428 2330 desierit,
448 2230 577 2308 desiuit
597 2255 663 2309 sua
681 2233 777 2310 mala
792 2232 976 2311 voluntate
991 2231 1084 2309 hanc
1099 2231 1220 2309 sedem
1235 2228 1376 2309 mereri.

325 2363 453 2440 Tenuit
472 2364 581 2464 igitur
599 2366 745 2443 Boetius
763 2367 858 2444 hano
883 2365 1096 2442 sententiam
1121 2362 1251 2441 mentis
1274 2361 1449 2438 humanae

271 2496 384 2574 aciem
409 2497 447 2573 in
470 2500 639 2599 praesenti
663 2499 849 2577 hominum
871 2499 1074 2578 conditione
1089 2499 1257 2576 obtusam
1273 2520 1352 2576 esse
1360 2491 1386 2592 ⁴,
1403 2518 1448 2574 ac

270 2631 354 2708 fidei
368 2631 576 2709 christianae
587 2634 720 2711 auxilio
734 2634 917 2712 hominem
934 2633 1096 2736 indigere
1110 2639 1149 2709 ct
1168 2631 1214 2709 ad
1234 2629 1386 2733 patriam
1410 2635 1448 2707 et

271 2765 316 2840 ad
331 2764 563 2842 beatitudinis
577 2766 699 2845 sedem
720 2768 788 2845 sibi
806 2767 935 2846 reverti
954 2766 1068 2847 liceat.

323 2901 426 2977 llens
446 2901 606 2978 humana
628 2925 735 2979 nosse
759 2901 905 3004 appetit,
927 2924 1012 3002 ergo
1031 2900 1174 2978 conscia
1195 2905 1251 2978 est
1270 2919 1310 2976 se
1326 2897 1446 2975 melta

269 3031 446 3134 ignorare.
472 3036 507 3112 ls
531 3035 627 3113 enim
650 3036 750 3114 solus
772 3035 908 3137 appetit
933 3036 1025 3113 scire
1051 3035 1112 3137 qui
1136 3035 1287 3135 ignorat.
1312 3033 1446 3131 Ignaca

270 3176 402 3265 autem,
419 3168 482 3245 sed
496 3191 573 3245 non
584 3168 743 3268 omnino,
756 3168 881 3269 incipit
898 3168 1168 3270 inquisitionem
1183 3166 1269 3266 νεῖτ’,
1286 3163 1446 3244 consulit

272 3301 342 3379 alte
355 3303 472 3383 recisa
490 3307 689 3381 retractans
698 3302 721 3383 ⁵.
741 3333 746 3343 ·

628 3556 666 3625 Ut
680 3557 801 3626 servatis
816 3567 905 3643 queat
919 3555 1025 3624 oblitas

708 3669 825 3733 Addere
840 3667 948 3750 partes.

272 3884 417 3898 *υ*

305 4001 315 4036 ¹
337 4000 354 4051 1
364 3998 443 4062 Tim,
455 4011 486 4062 n,
497 3998 521 4049 l.

304 4083 319 4118 ¹
336 4080 421 4144 toan,
434 4091 492 4146 van,
504 4078 544 4130 34.

305 4164 318 4200 ⁸
337 4161 378 4214 De
389 4166 474 4213 cocat.
489 4164 562 4225 cent.
574 4159 626 4209 int.
639 4171 681 4222 cp.
693 4156 728 4208 D.
741 4156 821 4222 Aac,
833 4169 850 4219 1,
863 4156 887 4209 8.

303 4244 317 4282 ⁴
336 4245 367 4297 D.
383 4241 520 4309 Angustia.
542 4239 664 4303 soliloq,
686 4237 732 4288 lib.
745 4238 766 4301 I,
787 4252 810 4287 c.
823 4250 860 4289 vi.
887 4232 987 4289 ιΟευΙὶ
1009 4234 1067 4286 sani
1079 4245 1156 4284 mens
1177 4234 1217 4281 est
1236 4229 1270 4280 ab
1289 4228 1362 4279 omni
1383 4228 1444 4280 labe

271 4325 387 4390 eorporis
396 4338 470 4390 pura,
482 4322 509 4373 id
519 4325 558 4373 est
570 4336 585 4372 a
595 4317 778 4386 cupiditatibus
789 4332 880 4369 rerum
891 4315 1042 4367 mortalium
1049 4315 1105 4378 jam
1114 4316 1215 4364 remota
1225 4315 1303 4375 atque
1314 4316 1423 4376 purgata
1436 4326 1443 4362 :

271 4407 340 4470 quod
352 4406 376 4456 ei
389 4405 455 4456 nihil
469 4403 540 4455 aliud
553 4407 660 4468 praestat
671 4415 750 4466 quam
761 4399 840 4451 Fides
851 4400 944 4463 primo.
961 4415 974 4448 a

306 4486 318 4520 ³
336 4484 435 4535 dlludit
449 4483 584 4536 evidenter
595 4481 700 4533 Boeticm
713 4481 746 4531 ad
758 4481 873 4544 primum
884 4478 999 4529 hominis
1010 4480 1155 4543 peccatum,
1178 4475 1259 4528 libere
1273 4474 1380 4540 quidem
1394 4473 1442 4526 ad-

272 4562 391 4626 missum,
405 4576 456 4627 quo
468 4563 614 4628 aparadisc
628 4559 775 4620 clarecit,
788 4572 818 4610 ac
830 4558 945 4622 seipsum
959 4556 1067 4620 pepulit.
