3240 5468
775 423 1032 496 -tlt-.

425 614 517 686 Quem
535 631 594 673 non
610 619 738 672 externae
753 609 929 689 pepulerunt
944 609 1055 686 lingere
1070 625 1164 668 causae

422 719 552 783 llateriae
567 717 710 779 fluitantis
725 716 830 796 opus¹‚
847 732 946 776 verum
962 712 1050 774 insita
1064 707 1169 773 sumini

424 826 529 888 Forma
544 824 625 898 honi,
639 823 730 885 livore
745 822 880 883 carens'.

282 1096 328 1132 sua
341 1081 484 1130 substantia
496 1077 611 1141 protulit,
623 1090 657 1125 ne
670 1075 772 1125 divinus
783 1080 875 1125 natura
887 1075 1046 1135 crederetur,
1058 1088 1144 1138 neque
1160 1075 1265 1125 aliunde
1281 1075 1390 1124 molitus
1406 1082 1459 1138 est,

281 1175 315 1208 ne
324 1160 380 1221 jain
396 1158 512 1207 extitisse
524 1155 621 1220 aliquid
633 1155 701 1218 quod
717 1153 773 1217 ejus
782 1155 941 1204 voluntatem
954 1144 1091 1204 existentia
1104 1153 1214 1218 propriae
1232 1158 1331 1203 naturae
1340 1152 1460 1216 juvaret,

280 1244 357 1302 atque
374 1241 444 1286 esset
457 1237 538 1286 etiam
550 1236 619 1299 quod
635 1249 721 1299 neque
736 1235 768 1284 ah
783 1235 839 1298 ipso
850 1235 948 1284 lactum
962 1239 1031 1286 esset
1050 1239 1077 1286 et
1090 1239 1179 1284 tamen
1191 1239 1269 1285 esset.
1286 1252 1296 1281 u
1310 1233 1460 1307 Hisverhis

280 1317 353 1379 quasi
366 1316 451 1380 gladio
473 1315 651 1378 percelluntur
665 1314 728 1363 varii
749 1329 851 1363 errores
870 1314 1038 1378 pantheismi,
1050 1315 1180 1377 dualismi,
1196 1315 1376 1375 emanatismi,
1391 1316 1460 1365 rau-

279 1394 358 1452 lismi,
372 1401 434 1454 etc,
446 1394 490 1456 qui
503 1394 528 1442 in
542 1391 654 1442 ethnicis
666 1391 879 1455 philosophorum
892 1393 989 1441 scholis
1000 1398 1063 1442 tuuc
1073 1393 1198 1456 temporis
1217 1393 1301 1443 adhuc
1321 1393 1458 1457 vigebant.

278 1501 308 1510 *
323 1474 360 1524 De
373 1473 558 1536 temporalium
569 1486 658 1521 rerum
670 1477 743 1520 motu
756 1473 791 1521 ita
809 1472 913 1522 disserit
929 1473 1044 1533 Boetius
1056 1471 1158 1524 Certant.
1173 1473 1203 1533 V,
1216 1487 1256 1535 pr.
1272 1472 1295 1522 6.
1309 1488 1322 1520 u
1334 1469 1460 1520 lntinitus

220 1571 224 1580 ·
279 1552 323 1602 ille
347 1553 532 1615 temporalium
555 1565 645 1601 rerum
669 1556 755 1599 motus
778 1552 894 1600 imitatur
918 1553 987 1600 hunc
1011 1551 1068 1600 vitae
1091 1550 1233 1600 immobilis
1257 1551 1458 1612 praesentarium

278 1636 385 1690 statum,
401 1644 513 1693 cumque
524 1645 583 1679 eum
596 1629 722 1694 elssngere
736 1635 815 1693 atque
828 1645 931 1693 aequare
943 1645 995 1679 non
1009 1629 1105 1692 possit,
1118 1643 1149 1678 ex
1169 1629 1351 1679 immobilitate
1366 1628 1461 1678 delicit

278 1709 305 1757 in
318 1714 428 1772 motum,
446 1724 476 1759 ex
491 1710 657 1773 simplicitate
670 1710 815 1773 praesentiae
836 1709 965 1758 decrescit
987 1708 1014 1757 in
1036 1707 1166 1757 infinitam
1178 1708 1257 1757 luturl
1278 1721 1308 1758 ac
1329 1710 1459 1771 praeteriti

278 1789 460 1852 quantitatem.
478 1806 488 1834 i
503 1815 535 1826 -
549 1788 585 1838 Cl.
597 1789 628 1837 D.
640 1788 753 1837 Thomas
765 1788 869 1851 (Opusc.
887 1786 997 1846 xxxvl,
1010 1802 1031 1836 c.
1046 1789 1093 1850 111).

310 1873 323 1904 ⁴
343 1869 413 1918 Deus
425 1872 465 1918 est
472 1869 587 1931 primurn
598 1882 714 1918 movens.
727 1869 756 1919 D.
765 1868 935 1932 Augustinus,
944 1868 976 1916 du
987 1874 1043 1916 ital.
1055 1867 1116 1918 bon.
1126 1876 1151 1918 et
1159 1875 1226 1918 mut.
1235 1875 1305 1917 colat.
1320 1869 1457 1930 liunich„

276 1948 321 1997 lih.
335 1949 355 2004 l,
369 1963 390 1996 c.
406 1949 417 1997 l
434 1987 440 2010 ,
454 1949 510 1998 haec
523 1949 601 1998 hahet
615 1966 620 2000 :
637 1967 647 1994 t
664 1949 739 1999 Solus
754 1949 809 2010 ipse
822 1947 1061 2006 incommutabilis,
1085 1948 1173 1996 omnia
1186 1963 1244 2010 quae
1258 1949 1335 2009 lecit,
1349 1949 1410 2012 quia
1423 1965 1457 1998 ex

276 2026 360 2076 nihilo
372 2028 443 2090 fecit,
459 2028 594 2077 mutabilia
606 2034 674 2077 sunt.
690 2044 699 2072 ι
716 2028 746 2076 D.
761 2028 883 2086 Thomas,
896 2024 950 2073 sere
964 2025 1065 2088 eadem,
1077 2041 1103 2090 p.
1118 2027 1140 2089 l,
1153 2040 1196 2089 qu.
1210 2038 1240 2087 11,
1251 2040 1274 2075 a.
1286 2027 1310 2077 3.
1336 2026 1457 2076 «Omnis

277 2111 364 2154 motus
375 2113 431 2155 tam
446 2107 584 2156 voluntatis
598 2108 676 2170 qu'am
689 2112 788 2155 naturae
800 2107 919 2170 procedit
934 2121 949 2156 a
963 2107 1016 2156 Deo
1031 2111 1156 2170 tanquam
1170 2121 1185 2156 a
1197 2106 1282 2169 primo
1293 2110 1424 2157 movente.
1442 2124 1454 2156 a

310 2187 319 2219 ¹
342 2185 378 2234 Ex
393 2185 434 2235 his
447 2186 544 2236 verbis:
562 2203 572 2232 u
590 2186 700 2251 Fingere
712 2186 828 2238 materiae
840 2187 966 2238 fluitantis
979 2202 1052 2252 opus,
1066 2203 1080 2237 a
1093 2187 1239 2251 suspicatur
1251 2186 1350 2238 iudicis
1361 2187 1394 2237 de
1407 2187 1456 2236 Mi-

277 2264 371 2314 randol
385 2265 510 2328 (lotrad,
524 2280 547 2328 p.
562 2267 640 2328 xcvi).
655 2265 773 2316 Boetium
789 2267 926 2316 materiam
938 2269 992 2318 Deo
1005 2273 1162 2318 coaetemam
1174 2269 1309 2319 admisisse
1324 2285 1329 2318 :
1347 2286 1357 2314 ι
1374 2269 1456 2319 Selon

278 2345 370 2405 Boece‚
383 2345 402 2393 il
414 2346 495 2395 existe
505 2361 540 2395 un
553 2348 608 2395 etre
622 2346 810 2408 tout-puissant
824 2351 850 2395 et
862 2346 972 2407 eterneh
985 2348 1136 2407 antoricus,
1161 2350 1240 2398 sinon
1253 2349 1271 2397 d
1284 2350 1312 2397 la
1326 2349 1454 2410 muliere,

278 2428 313 2476 du
324 2425 409 2474 moins
423 2426 438 2475 a
450 2426 643 2490 l'organisation
655 2426 687 2475 de
700 2425 724 2474 la
737 2427 855 2476 matiere.
872 2426 940 2476 C’est
959 2432 1001 2475 cct
1013 2428 1070 2476 etre
1083 2427 1127 2490 qui
1139 2441 1154 2475 a
1167 2428 1254 2477 donne
1266 2442 1300 2477 au
1311 2427 1409 2478 monde
1423 2443 1456 2478 sa

279 2503 362 2552 forme
376 2503 482 2564 visihle,
507 2510 533 2553 et
554 2505 599 2567 qui
620 2517 750 2563 gouverne
765 2504 918 2554 l’ensemhle
931 2506 978 2555 des
990 2505 1082 2554 choses
1095 2521 1142 2569 par
1154 2507 1200 2555 des
1211 2506 1261 2555 lois
1275 2505 1338 2555 lixes
1356 2512 1384 2556 et
1400 2507 1455 2556 im-

280 2583 408 2634 muahles.
426 2603 435 2631 i
450 2584 610 2634 Contrarium
626 2589 713 2634 nutem
726 2586 884 2634 sententiam
899 2600 1020 2649 expresse
1032 2589 1106 2635 tenet
1117 2585 1235 2648 Boetius,
1248 2589 1276 2635 ut
1287 2585 1401 2638 vidimus
1419 2589 1456 2639 ad

280 2666 369 2710 notam
380 2662 414 2710 2¹¹¹
426 2677 433 2725 ;
458 2676 544 2725 neque
556 2662 643 2711 docuit
655 2663 815 2712 creationem
827 2665 906 2714 luisse
929 2683 939 2709 ι
961 2664 993 2714 ab
1015 2670 1114 2714 aeterno
1127 2685 1137 2712 l
1153 2666 1191 2716 uti
1203 2666 1363 2716 calumniose
1376 2667 1454 2718 labu-

280 2739 367 2789 lantur
379 2741 495 2804 quidam.
515 2742 575 2790 Hae
588 2746 650 2791 sunt
669 2741 751 2791 Boetii
763 2744 851 2804 verba,
868 2744 971 2797 Consul.
985 2745 1016 2806 V,
1028 2760 1069 2808 pr.
1082 2745 1097 2795 6
1111 2763 1116 2794 :
1144 2765 1154 2792 t
1171 2746 1277 2797 Censuit
1297 2746 1456 2798 Aristoteles

281 2818 313 2867 de
325 2822 423 2870 mundo
436 2821 503 2884 quod
516 2835 566 2870 nec
584 2820 691 2884 coeperit
707 2834 821 2883 unquam
842 2835 916 2883 esse,
938 2835 988 2871 nec
999 2823 1110 2883 desinat,
1125 2824 1229 2887 vitaque
1241 2823 1298 2887 ejus
1310 2837 1370 2873 curn
1382 2829 1455 2874 tem-

280 2900 351 2963 poris
369 2901 496 2952 infinitate
517 2903 655 2964 tendatur,
670 2901 788 2950 nondum
808 2907 897 2951 tamen
911 2903 963 2952 tale
977 2909 1016 2952 est
1033 2907 1061 2952 ut
1073 2907 1200 2952 aeternum
1213 2917 1271 2953 esse
1292 2903 1422 2953 credatur.
1440 2925 1451 2950 ι

283 2995 293 3023 ι
307 2977 365 3027 Non
377 2986 449 3030 recte
461 2981 567 3044 quidam
579 2982 632 3044 qui,
643 2995 704 3029 cum
716 2982 826 3030 audiunt
838 2981 922 3031 visum
935 2981 1037 3031 Platoni
1048 2983 1176 3031 mundum
1189 2982 1259 3030 hunc
1268 2994 1317 3030 nec
1326 2980 1454 3033 hahuisse

280 3058 383 3109 initium
395 3062 529 3123 temporis,
543 3075 593 3111 nec
604 3060 753 3110 habiturum
775 3075 832 3110 esse
853 3061 993 3119 detectum,
1014 3061 1064 3110 hoc
1084 3061 1161 3109 modo
1173 3059 1301 3108 conditori
1315 3060 1453 3110 conditum

280 3137 407 3185 mundum
421 3138 478 3187 heri
490 3143 648 3188 coaeternum
660 3144 758 3201 putant.
777 3158 787 3185 i
810 3140 877 3198 Quid
888 3147 979 3190 autem
994 3146 1099 3190 censeat
1119 3139 1224 3189 Boetius
1236 3154 1267 3188 ex
1280 3139 1453 3201 sequentibus

281 3215 367 3265 elucet
381 3232 386 3265 :
402 3234 412 3262 ι
425 3218 514 3280 ltaque
529 3217 551 3266 si
570 3217 649 3280 digna
663 3217 741 3266 rehus
752 3219 858 3268 nomina
869 3220 980 3270 velimus
991 3221 1145 3282 imponere,
1160 3218 1294 3267 Platonem
1308 3223 1452 3280 sequentes

280 3294 363 3343 Deum
375 3296 480 3359 quidem
492 3302 629 3360 aeternum,
639 3299 767 3347 mundum
778 3313 840 3349 vero
851 3300 968 3350 dicamus
980 3315 1037 3351 esse
1049 3305 1212 3364 perpetuum.
1225 3318 1235 3345 ι
1249 3316 1259 3345 a
1273 3299 1364 3362 Neque
1376 3298 1452 3351 enim

282 3372 348 3423 Deus
360 3375 469 3425 conditis
491 3375 569 3426 rebus
589 3377 719 3439 antiquior
739 3378 821 3428 videri
841 3379 920 3429 dehet
941 3381 1065 3445 temporis
1083 3380 1233 3444 quantitate,
1254 3380 1299 3428 sed
1320 3379 1451 3443 simplicis

279 3453 363 3516 potius
381 3456 538 3520 proprietate
550 3462 682 3507 naturaei
707 3458 738 3506 Et
759 3457 815 3507 haec
837 3459 971 3509 verissima
984 3465 1062 3509 sunt.
1083 3459 1120 3508 lle
1141 3464 1235 3509 caetero
1249 3457 1451 3521 possibilitatem

279 3534 464 3597 intrinsecum,
486 3550 533 3585 seu
553 3536 815 3600 non-repugnantiam
839 3538 978 3588 creationis
1004 3539 1038 3588 ab
1060 3547 1160 3589 celerato
1183 3539 1277 3588 docent
1299 3537 1449 3587 christianae

279 3609 415 3676 theologiae
431 3612 571 3676 principes,
592 3614 622 3662 Ι).
647 3615 817 3679 Augustinus,
837 3618 869 3669 l).
890 3618 1012 3680 ThomaS,
1034 3618 1182 3683 (lajetanuS,
1204 3619 1308 3678 Suarez,
1331 3620 1356 3666 et
1377 3617 1451 3667 inter

278 3690 417 3740 hodiernos
432 3692 597 3756 philosophos
608 3694 636 3743 P.
651 3696 799 3748 Liberatore
812 3703 837 3749 et
848 3698 878 3748 P.
894 3699 1010 3763 Zig'liara.

311 3773 322 3805 ¹
345 3772 487 3820 Creationis
508 3773 633 3821 motivum
655 3776 682 3825 in
703 3779 817 3829 bonitate
838 3779 885 3830 Dei
906 3780 1009 3843 reponit
1024 3780 1138 3839 Boetius,
1159 3779 1273 3830 Platonis
1295 3792 1397 3827 mernor
1419 3785 1449 3830 et

277 3852 307 3901 D.
321 3854 458 3916 Augustini
475 3855 508 3902 de
522 3854 598 3905 Ciuit.
613 3857 672 3919 Det,
683 3860 727 3911 lib.
741 3862 785 3923 xl,
798 3877 820 3912 c.
834 3863 862 3912 at
880 3879 885 3912 :
911 3877 923 3909 «
936 3860 1008 3909 Hanc
1021 3861 1099 3911 etiam
1112 3859 1185 3908 Plato
1200 3871 1305 3908 causam
1317 3857 1448 3908 condendi

246 3951 248 3955 ·
276 3932 367 3980 mundi
376 3933 547 3995 iustissimam
562 3935 634 3994 dicit,
647 3941 675 3986 ut
695 3953 710 3987 a
731 3939 799 3989 hono
812 3940 875 4002 lleo,
888 3939 955 3988 hona
967 3951 1046 4001 opera
1058 3936 1162 3987 sterent.
1176 3956 1185 3982 ι
1208 3938 1240 3986 Et
1263 3951 1285 3986 c.
1298 3937 1329 3986 ot
1342 3952 1348 3985 ε
1371 3936 1400 3984 ln
1413 3949 1448 3984 eo

275 4026 338 4061 vero
350 4014 416 4076 quod
437 4014 549 4063 dicitnr:
569 4015 641 4064 Vidit
654 4018 726 4068 Deus
740 4022 806 4083 quia
828 4022 927 4070 honum
950 4025 999 4082 eat,
1021 4019 1084 4068 satis
1103 4017 1263 4082 significatur
1278 4017 1360 4066 Deum
1373 4016 1448 4066 nulla

275 4093 438 4154 necessitate,
461 4095 532 4143 nulla
555 4109 608 4144 suaa
631 4097 784 4162 cujusquam
797 4100 916 4149 utilitatis
930 4098 1083 4162 indigentia,
1101 4097 1147 4145 sed
1159 4096 1213 4144 sola
1226 4095 1339 4145 bonitate
1352 4094 1448 4144 iecisse

256 4188 258 4193 ’
274 4177 342 4240 quod
355 4177 450 4227 lactum
466 4183 514 4234 est,
530 4179 554 4228 id
568 4186 616 4240 est,
629 4179 690 4243 quia
702 4180 803 4229 honum
822 4185 881 4228 est:
905 4179 971 4242 quod
995 4178 1053 4227 ideo
1071 4180 1158 4239 postea
1183 4188 1261 4238 quam
1285 4173 1381 4223 lactum
1404 4182 1447 4224 est

273 4256 377 4316 dicitnr,
387 4263 413 4307 ut
427 4273 469 4306 res
479 4272 536 4321 quae
549 4258 615 4308 lacta
625 4265 665 4308 est
677 4273 821 4323 congruere
829 4258 937 4309 bonitati
945 4263 1049 4321 propter
1059 4270 1137 4320 quam
1144 4255 1210 4304 lacta
1219 4258 1269 4316 est,
1279 4253 1416 4303 indicetur.
1432 4273 1443 4299 ι

256 4350 258 4359 .
273 4335 365 4384 Adhuc
378 4336 403 4384 in
416 4337 481 4385 libro
494 4337 526 4385 de
539 4337 632 4390 Genesi
644 4338 681 4386 ud
694 4338 823 4399 litterum,
837 4351 892 4400 cap.
913 4349 949 4398 rv,
968 4346 997 4384 n⁰
1012 4335 1049 4399 tc,
1063 4336 1125 4385 dicit
1145 4333 1324 4399 Augustinus:
1346 4349 1356 4378 a
1372 4331 1446 4383 Bona

271 4418 358 4466 lacere
372 4418 392 4466 si
405 4433 457 4468 non
473 4425 569 4482 posset,
582 4421 654 4469 nulla
676 4423 745 4469 esset
766 4420 882 4482 potentia
894 4435 901 4483 ;
916 4420 937 4468 si
959 4423 1047 4468 autem
1067 4421 1153 4480 posset
1166 4428 1216 4464 nec
1228 4414 1334 4472 laceret,
1347 4426 1445 4476 magna

271 4500 341 4544 ‘esset
356 4496 504 4547 invidentia.
520 4497 585 4557 Quia
597 4510 659 4562 ergo
672 4503 712 4547 est
724 4497 888 4561 omnipotens
899 4504 925 4547 et
937 4498 1028 4560 honus,
1041 4495 1129 4545 omnia
1141 4493 1214 4544 valde
1224 4492 1291 4542 bona
1304 4491 1371 4541 lecit.
1389 4509 1399 4542 ι
