3240 5468
731 478 906 549 ..34-

235 666 403 744 eumdem
418 664 594 742 Faustum
610 667 731 742 scribit
748 666 949 741 Ennodius:
966 699 982 730 ι
1000 666 1119 741 Unum
1135 665 1221 756 scio,
1236 668 1326 765 quia
1338 669 1418 746 uisi

239 833 256 867 r
288 798 508 887 succurritis,
522 796 859 899 generalefuturum
877 798 1025 895 malum,
1041 798 1097 873 cui
1113 796 1190 898 ipse
1204 798 1417 899 disciplinoe

238 967 255 1000 »
287 940 382 1009 tutor
402 937 581 1029 (summus
599 930 757 1031 pontifex
774 928 922 1025 scilicet)
938 937 992 1006 est
1006 930 1187 1030 expositus
1198 931 1221 1007 ¹.
1243 965 1259 996 a
1277 931 1415 1010 Fausti

234 1064 358 1142 Avieni
374 1071 488 1141 mater
502 1069 578 1140 erat
605 1061 754 1138 Ennodii
771 1062 1048 1162 consanguinea,
1063 1061 1112 1138 ita
1129 1069 1168 1136 ut
1187 1062 1233 1138 ud
1251 1060 1414 1142 domum

232 1195 386 1274 Ennodii
408 1196 589 1298 pertinere
608 1195 801 1293 rideretur,
827 1219 912 1296 ergo
935 1193 1043 1271 etiam
1065 1193 1111 1269 de
1136 1196 1414 1296 propinquitate

232 1327 357 1406 Boetii.

287 1461 409 1549 Qualis
428 1462 534 1541 fuerit
557 1470 641 1540 tunc
665 1463 838 1565 temporis
862 1462 1065 1537 animorum
1088 1458 1272 1537 fluctuatio
1293 1472 1334 1539 et
1349 1464 1412 1543 in·

232 1594 435 1673 constantia
451 1620 492 1672 ex
506 1594 659 1674 Ennodii
675 1595 711 1671 in
731 1594 866 1672 clerum
882 1589 1161 1696 epigrammate³
1174 1600 1209 1670 et
1234 1593 1273 1670 in
1290 1618 1412 1697 quos·

232 1727 318 1806 dam
347 1726 483 1804 nobiles
514 1728 684 1831 patricios
715 1727 972 1829 objurgatione,
1001 1735 1040 1803 ut
1081 1727 1127 1804 ud
1169 1727 1408 1808 concordiam

231 1856 398 1938 Ecclesiae
413 1861 561 1940 redeunt
575 1857 600 1958 ³,
616 1860 783 1963 perfacile
798 1861 987 1962 colligitur.

284 1994 465 2072 Permulta
480 2003 601 2073 autem
615 1995 653 2072 in
666 1996 737 2074 rita
755 1996 867 2072 ltoetii
886 1996 1106 2072 subobscura
1120 2019 1163 2071 er
1181 1995 1248 2072 huc
1267 2020 1337 2074 sua
1358 2000 1409 2076 ad

232 2129 491 2208 Laurentianus
501 2138 623 2232 partes
633 2131 847 2226 accessione,
859 2130 1091 2238 explicantur.
1109 2131 1198 2207 Cum
1213 2128 1310 2207 enim
1321 2144 1409 2232 post

231 2263 356 2342 Romae
383 2264 545 2343 habitam
570 2265 748 2369 synodum
770 2265 982 2344 exstinctum
1007 2263 1134 2341 fuisset
1160 2261 1339 2361 schisma,
1370 2278 1409 2344 et

233 2397 400 2500 permulti
415 2400 575 2501 insignes
591 2401 747 2502 episcopi
759 2399 1074 2501 ud'Symmaohum
1086 2420 1216 2499 papum
1227 2397 1407 2478 tuendum

231 2531 503 2634 adlaborurcnt,
529 2535 673 2611 Boetius
695 2544 730 2612 et
755 2557 855 2611 socer
878 2536 954 2633 ejus
974 2530 1211 2633 Symmachus
1233 2529 1278 2605 ab
1303 2534 1407 2610 omni

229 2667 457 2767 oppositione
469 2667 697 2770 partiumque
712 2667 830 2743 studio
846 2667 1103 2744 abstinuerunt.
1121 2665 1253 2741 lterum
1273 2663 1408 2744 admo·

231 2798 318 2874 dum
343 2800 526 2899 probabile
548 2812 602 2879 est
625 2802 809 2896 Raetiam,
836 2825 901 2902 pro
926 2823 991 2875 suo
1019 2797 1185 2898 rigidiore
1209 2820 1250 2875 ac
1277 2797 1405 2876 forsan

230 2930 437 3033 superbiore
459 2934 602 3034 animo,
623 2958 696 3010 non
727 2942 959 3035 properanter
982 2942 1018 3009 et
1043 2931 1208 3009 ardenter
1237 2932 1404 3030 Symma-

230 3063 366 3158 chianoe
391 3067 501 3166 partis
528 3069 623 3143 viros
648 3068 854 3167 amplerum
878 3090 968 3162 esse,
995 3065 1156 3165 quinimo
1179 3062 1402 3164 frigidiorem

230 3219 312 3293 erga
326 3220 387 3273 eos
403 3199 630 3276 remansisse.
651 3199 742 3275 Hinc
757 3199 865 3299 planu
880 3208 914 3275 et
933 3197 1038 3274 obuia
1051 3197 1143 3273 ratio
1158 3196 1320 3274 redditur
1334 3223 1401 3276 cur

221 3546 225 3555 ’
260 3565 272 3637 ¹⁴
292 3564 403 3628 enam,
420 3565 805 3632 nprsc,m.vrr,ep.xvn1.

479 3677 490 3708 ¹
507 3674 546 3728 Qui
555 3673 615 3718 Ponti
625 3674 703 3724 taciem,
718 3686 822 3718 numerum
832 3675 866 3729 qai
878 3674 933 3718 norit
943 3684 1007 3718 manu
1017 3687 1023 3724 ς

535 3746 624 3790 Femina
633 3758 690 3800 ouem
699 3749 770 3801 lurum
783 3747 852 3791 tallere
862 3747 918 3789 uultu
928 3750 1009 3799 poert:

501 3817 607 3859 istrorum
617 3818 694 3870 plebem
707 3819 740 3870 uui
751 3819 814 3862 calles
822 3822 898 3871 spectu
906 3821 1013 3863 matun.

527 3884 611 3938 Cynthia
621 3887 653 3928 cni
664 3887 724 3930 certis
732 3886 827 3930 cornibus
836 3886 924 3928 innotuit
933 3901 940 3938 ς

498 3955 542 3999 lton
552 3956 604 3998 ratet
613 3957 646 4000 bio
657 3959 724 4000 vultus
736 3957 830 4006 retinere.
839 3962 860 4000 et
873 3957 962 4007 nentur,
977 3968 1049 4007 morra.

527 4030 582 4083 Quor
595 4036 658 4075 matut
667 4034 732 4077 clerus
741 4035 818 4085 tenpus
828 4032 850 4075 in
858 4033 960 4085 ulfinum.

869 4099 952 4154 titiane,
961 4101 978 4142 t.
987 4097 1057 4148 unm.
1066 4097 1107 4141 out.
1116 4096 1175 4146 388.)

254 4209 266 4248 ⁸
288 4231 300 4259 r
317 4213 476 4264 Generosam
487 4211 515 4261 in
527 4210 571 4261 tuli
584 4209 689 4274 negotio
701 4206 849 4272 prosapiem
858 4220 910 4256 non
922 4220 1044 4271 agnosco.
1056 4205 1084 4256 Si
1095 4205 1210 4269 quisunt
1221 4209 1312 4254 minen
1320 4217 1393 4255 sum·

220 4304 334 4354 morum,
347 4306 412 4356 quos
423 4291 517 4341 vilibus
529 4289 690 4353 tempestatis
703 4287 782 4349 hujus
801 4286 914 4349 procella
927 4285 1047 4347 sociavit,
1060 4283 1118 4334 aliis
1130 4281 1278 4334 auctoribus
1290 4283 1392 4335 tucino-

220 4385 279 4421 rnm
290 4371 486 4435 participatione
499 4368 671 4420 maculantur.
686 4369 815 4432 Splendor
827 4369 974 4433 sanguinis,
987 4367 1036 4416 etsi
1048 4367 1261 4416 communionem
1273 4365 1393 4418 criminis

220 4451 337 4514 incurrit,
350 4451 434 4501 nescit
445 4455 534 4500 tamen
546 4450 641 4500 ducem
653 4463 681 4499 se
693 4449 811 4512 praebere
823 4448 999 4512 peccantibus.
1019 4446 1104 4498 Habet
1121 4445 1229 4496 forsitan
1241 4450 1343 4496 rentum
1356 4446 1391 4497 de

219 4528 478 4594 neglectarnutione
490 4529 634 4579 nonhabet
647 4528 755 4593 dignum
768 4527 922 4592 supplicium
933 4528 965 4578 dc
977 4527 1107 4578 scelerum
1120 4525 1275 4591 principatu.
1288 4541 1301 4573 r
1315 4524 1387 4589 (Lib.

220 4606 291 4670 apol.
303 4620 354 4670 pro
368 4608 478 4672 synodo,
492 4606 588 4672 Migne,
601 4611 621 4655 t.
636 4605 744 4657 LXVlll.
758 4606 806 4656 col.
822 4607 885 4669 206.)
1265 4598 1267 4604 ¹
