3240 5468
714 389 886 460 „35-

221 575 260 650 in
283 575 391 652 variis
406 575 559 651 Ennodii
585 576 631 651 ad
654 577 817 654 Boetium
841 577 1021 679 epistolis,
1046 579 1090 656 de
1115 581 1320 678 quaestione,
1347 587 1388 656 ut

96 792 98 795 ⁸
223 706 346 782 dicunt
361 706 484 805 bodie,
500 708 673 804 relipioso,
701 733 849 809 prorsus
874 709 1032 787 sileatur.
1061 711 1139 787 Huo
1163 711 1271 788 etiam
1294 711 1352 789 ref
1371 756 1388 769 -

222 826 341 913 rendae
358 837 431 913 lere
446 838 623 915 continuae
648 863 711 938 per
735 841 834 917 varia
854 841 965 924 Boetii
981 842 1114 942 scripta
1132 844 1286 941 querelae
1304 879 1320 915 a
1344 843 1388 921 de

222 967 347 1067 ignava
364 969 522 1068 segnitie,
537 1009 553 1044 e
571 1001 586 1037 a
601 970 645 1046 de
657 971 917 1067 eallidolivore‚
937 1005 953 1038 u
969 973 1014 1049 de
1027 1010 1042 1046 «
1056 974 1186 1049 talibus
1200 975 1388 1051 hominum

223 1101 403 1199 monstris,
421 1135 437 1170 u
459 1100 531 1177 «de
547 1102 694 1180 lascivia
708 1126 749 1180 oo
759 1104 1092 1204 petulantiaeorum
1105 1106 1293 1205 quinihila
1306 1108 1389 1205 joco

224 1233 371 1332 risuque
394 1235 580 1334 patiuntur
604 1260 683 1312 esse
705 1235 972 1336 disjunctum.»
999 1237 1064 1314 His
1089 1238 1255 1315 involutis
1274 1239 1390 1316 verbis

226 1390 421 1466 quemnam
459 1366 569 1442 alium
615 1368 684 1444 nisi
720 1369 901 1445 victricem
938 1368 1023 1446 cleri
1061 1381 1200 1470 partem
1229 1367 1393 1472 designat

227 1499 397 1576 Boetius?
420 1499 457 1575 Si
482 1509 604 1576 autem
627 1500 737 1601 paulo
766 1499 942 1578 severiore
971 1501 1107 1600 judicio
1135 1502 1186 1579 ita
1216 1502 1252 1578 in
1282 1525 1393 1580 uuam

228 1631 312 1709 cleri
327 1640 466 1733 partem
481 1633 696 1709 sententiam
713 1634 861 1733 profert,
878 1657 923 1709 ne
943 1633 1098 1710 dubitari
1116 1635 1261 1734 quidem
1276 1642 1393 1736 potest

229 1766 350 1866 ipsum
370 1763 604 1841 christianum
627 1763 739 1843 fuisse
763 1778 798 1842 et
810 1767 994 1842 domestico
1009 1768 1155 1867 quodam
1170 1766 1243 1844 zelo
1264 1765 1394 1850 iratres

229 1900 265 1974 in
284 1898 357 1974 fide
376 1898 658 1998 reprehendisse.

282 2033 367 2107 Post
396 2031 550 2131 primam
568 2032 690 2107 Romae
713 2032 912 2134 synodum,
942 2041 977 2110 et
1007 2032 1094 2109 dum
1128 2056 1198 2134 pax
1231 2032 1396 2113 Ecclesia

154 2184 157 2187 ’
230 2161 1394 2261 restitutavideretur,RomamvenitTheodoriousrer,ann0500.

145 2296 147 2300 ’
230 2302 404 2400 Exceptus
423 2307 476 2374 est
494 2322 515 2374 a
534 2297 628 2375 ole'ro
652 2306 687 2374 et
707 2297 838 2398 populo
863 2298 900 2374 in
924 2298 1002 2375 loco
1026 2298 1088 2397 qui
1114 2297 1246 2374 dicitur
1269 2298 1397 2377 Potnoo

231 2422 349 2508 cunco.
369 2432 421 2507 nd
440 2430 563 2532 ipsum
586 2432 693 2506 verba
715 2429 798 2506 fecit
822 2431 981 2529 BoetiuS,
1012 2438 1049 2506 ut
1075 2430 1262 2530 prefectus
1285 2430 1397 2527 urbis,

231 2575 332 2642 tanta
355 2564 526 2641 orationis
552 2563 785 2664 temperantia
813 2586 854 2640 oo
881 2562 1075 2639 subtilitate
1098 2562 1231 2663 ingenii
1257 2570 1296 2637 ut
1323 2562 1400 2664 ipso

235 2701 319 2796 Rex,
348 2696 445 2799 gothi
473 2696 615 2792 milites,
645 2695 856 2795 romanique
881 2694 973 2772 cives
1002 2719 1085 2771 eum
1108 2701 1312 2794 pergratum
1330 2693 1401 2771 ha·

235 2831 377 2909 buerint
393 2829 417 2906 ¹.
437 2833 525 2905 Tum
538 2832 637 2929 juxta
658 2830 919 2928 Imperatorum
936 2851 1085 2921 morem,
1100 2825 1252 2927 publicis
1267 2826 1403 2906 mensis

232 2965 435 3062 emunctis,
455 2987 497 3039 ac
511 2962 598 3040 cibis
622 2961 848 3038 abundanter
863 2969 898 3038 et
918 2959 1068 3037 delicate
1092 2957 1276 3060 appositis,
1302 2941 1404 3059 plebs

237 3121 399 3197 romana,
421 3095 534 3173 Boetii
549 3096 765 3198 sumptibus,
785 3094 933 3196 pransit,
949 3093 1091 3195 ipsique
1109 3094 1233 3170 Patres
1249 3090 1403 3187 cuilibet,

240 3224 348 3308 etiam
369 3256 388 3307 e
404 3231 505 3331 plebe
519 3230 679 3324 invitato,
695 3229 793 3306 cibos
808 3227 1079 3304 distribuerunt.
1095 3228 1223 3302 Postea
1239 3225 1311 3301 Rex
1325 3223 1406 3325 ipse

241 3362 481 3441 Theodericus
514 3386 719 3440 sermonem
746 3361 871 3438 habuit
899 3361 944 3438 ad
975 3359 1161 3460 populum,
1187 3357 1344 3457 singulos
1370 3356 1409 3431 in

235 3498 335 3604 Urbe
359 3497 503 3575 ordines
526 3496 692 3573 distinete
715 3495 902 3590 allocutus,
927 3502 962 3570 et
984 3491 1172 3567 audientes
1195 3512 1319 3566 omnes
1344 3511 1411 3565 sua

243 3630 458 3730 eloquentia,
482 3630 692 3708 auctoritate
707 3627 952 3727 modestiaque
967 3625 1035 3702 sibi
1055 3616 1289 3701 conciliavit².

1221 3854 1414 3871 1-ss-

282 3983 291 4014 ¹
313 3981 474 4044 anonymus,
484 3979 622 4042 Vales.‚n⁰
632 3979 672 4031 65.

281 4059 293 4091 ¹
314 4058 448 4122 Beronius,
463 4059 496 4114 ad
507 4072 568 4112 ann.
579 4057 675 4110 Christi
684 4059 738 4110 aot.
