3240 5468
627 429 824 499 -ttl-

141 626 376 729 providentia,
393 625 437 700 de
454 623 557 716 mala,
574 633 614 695 ut
632 630 769 716 vocant,
785 619 943 717 fortuna,
959 642 1039 716 quae
1058 629 1119 690 out
1134 616 1234 715 punit
1249 624 1311 688 ant

143 769 280 836 exercet
300 765 360 831 aut
380 755 532 854 corrigit.
552 755 651 829 Hane
667 752 776 827 Boetii
797 750 1061 850 philosophiam
1077 772 1097 823 a
1112 748 1183 823 fide
1198 748 1311 822 chris-

145 894 238 966 tiana
270 900 342 964 toto
372 886 677 964 (zoroastreum
702 884 868 983 opinatur
898 881 1116 978 llitzschius3
1145 904 1186 955 eo
1215 880 1310 978 quod

143 1025 286 1100 Anicius
304 1031 424 1098 noster
442 1042 514 1095 non
535 1017 723 1112 Christum,
740 1039 811 1091 non
827 1039 947 1091 sacros
965 1014 1085 1089 Libros
1101 1013 1138 1088 in
1153 1012 1310 1089 medium

144 1156 315 1232 attulerit.
328 1152 528 1229 offenditur
543 1175 585 1227 eo
600 1149 694 1250 quod
711 1149 747 1222 in
763 1172 905 1224 carcere
920 1146 1059 1247 positus
1073 1146 1218 1222 Boetius
1234 1169 1312 1221 sese

145 1290 191 1366 ad
207 1287 470 1389 philosophiam
489 1308 562 1360 non
578 1283 622 1358 ud
637 1283 747 1358 fidem
763 1280 985 1358 converterit.
1013 1288 1074 1354 Ast
1095 1279 1313 1355 Nitzschium

144 1446 269 1523 rogare
291 1422 407 1517 liceat,
439 1443 511 1520 qua
537 1418 612 1516 lege
643 1415 851 1516 prohibetur
878 1438 925 1490 ne
953 1413 1005 1488 vir
1035 1413 1252 1489 christianus
1276 1414 1313 1488 in

137 1581 287 1659 ,carcere
305 1555 457 1658 positos,
479 1577 520 1632 ae
540 1551 760 1653 professione
785 1548 1031 1649 philosophus,
1050 1546 1314 1647 philosophiam

144 1691 182 1767 in
201 1690 366 1768 solatium
385 1696 498 1766 vocet.
522 1686 608 1773 Ouis
628 1693 746 1762 autern
772 1681 949 1758 Nitzschio
970 1680 1200 1756 affirmaverit
1224 1679 1315 1756 Boe-

146 1826 234 1902 tium
267 1826 328 1924 qui
360 1833 433 1900 tam
463 1823 519 1925 pie
547 1844 589 1896 ac
617 1820 819 1918 frequenter
848 1815 984 1893 caeteris
1013 1813 1243 1891 commendat
1278 1821 1314 1887 rrt

146 1961 258 2035 Deum
283 1958 530 2059 deprecentur,
556 1977 671 2052 neque
701 1974 823 2052 preces
853 1948 899 2024 ad
926 1947 1103 2023 Christum
1133 1946 1313 2044 direxisse,

146 2114 264 2190 neque
281 2114 300 2166 e
320 2112 505 2164 sacrarum
525 2086 712 2162 librorum
728 2081 878 2159 lectione
894 2082 1004 2157 robur
1023 2103 1064 2156 ac
1080 2079 1315 2154 constantiam

147 2223 276 2323 quibus
290 2221 428 2298 fortiter
443 2226 595 2297 mortem
618 2217 763 2312 subiret,
790 2215 982 2290 hausisse?
1003 2215 1070 2289 Eos
1090 2212 1234 2288 tandem
1253 2210 1316 2309 qui

147 2355 285 2432 nullum
307 2355 391 2431 fidei
412 2354 614 2432 christianae
635 2350 822 2450 vestigium
838 2349 877 2423 in
893 2345 1140 2424 Consolatione
1159 2344 1316 2445 philoso-

147 2488 231 2588 phia
261 2511 453 2587 agnoscere
481 2486 617 2583 volunt,
649 2485 693 2561 ad
723 2507 830 2584 opera
862 2479 1058 2580 theologica
1087 2477 1315 2573 remittimus,

147 2645 300 2721 quorum
315 2621 502 2698 authentia
518 2643 539 2696 a
554 2614 657 2696 nobis
672 2614 952 2695 demonstranda
973 2621 1133 2691 remanet
1143 2611 1166 2691 ¹.

181 2946 191 2980 ¹
214 2944 301 2995 Liceat
320 2942 396 2994 nobis
412 2944 439 2992 in
455 2943 572 2993 medium
591 2942 684 2992 afferre
706 2955 764 3005 quae
780 2942 813 2990 de
830 2938 920 2991 Boetio
936 2937 1040 3005 scripsit
1055 2940 1150 2991 Ductor
1162 2937 1317 3004 Pucciootti,

148 3028 277 3093 professor
297 3027 445 3081 medicinae.
460 3027 486 3076 in
502 3040 550 3075 sua
570 3026 662 3076 Storio
674 3025 747 3076 dello
760 3025 905 3085 medicina,
920 3023 979 3074 Pisa
996 3021 1065 3082 1860,
1080 3036 1190 3087 qumque
1201 3023 1318 3089 apprime

147 3122 208 3159 cum
219 3113 308 3158 nostra
321 3106 389 3157 thesi
403 3107 569 3156 concordant.

178 3189 238 3239 Tria
251 3186 364 3237 maxime
382 3186 481 3236 extollit
492 3185 679 3238 Boetiimerita
693 3186 746 3250 (lib.
765 3187 795 3248 V,
815 3201 840 3251 p.
863 3185 903 3250 et)
922 3185 951 3236 D.
973 3182 1119 3235 Puccinotti
1136 3202 1142 3236 ε
1160 3187 1186 3236 10
1199 3187 1318 3240 Philoso-

147 3268 238 3333 phiam
259 3281 372 3332 graecam
395 3266 546 3331 expurgavit
566 3266 681 3328 Boetius,
699 3267 859 3331 explodendo
875 3266 944 3316 hanc
959 3266 1126 3331 paganismi,
1149 3268 1320 3321 orientalismi

147 3363 178 3398 ac
187 3347 312 3411 judaismi
323 3347 433 3396 mixtam
447 3346 592 3396 doctrinam
604 3361 662 3411 quae
673 3347 721 3397 sub
733 3347 839 3397 nomine
852 3347 1032 3409 philosophie
1053 3349 1243 3398 akoeondte‘noe
1266 3356 1320 3400 tra-

148 3426 272 3484 debatur,
293 3427 320 3475 2⁰
340 3427 515 3486 Quaestionem
538 3427 619 3476 movit
642 3429 675 3477 de
699 3427 910 3487 Universolibus‚
933 3430 959 3474 et
979 3425 1062 3488 ipsam
1084 3426 1178 3476 detulit
1194 3442 1208 3476 e
1225 3428 1320 3478 scholis

147 3509 240 3572 graecis
254 3509 286 3556 ad
300 3508 382 3556 lorum
401 3522 539 3558 romanum
551 3525 558 3572 3
571 3509 597 3558 3ο
611 3510 665 3559 Hac
678 3514 766 3560 autern
778 3509 920 3572 quaestione
934 3506 1086 3556 admodum
1103 3508 1196 3567 soluta,
1212 3509 1319 3558 conclu-

147 3590 235 3638 siones
255 3603 315 3639 suas
336 3588 453 3638 adhibuit
473 3591 505 3639 ad
526 3591 691 3655 explicandas
704 3589 869 3639 difficillimas
883 3590 915 3638 de
930 3602 1033 3638 summo
1050 3588 1120 3637 Bono
1141 3603 1171 3638 ac
1187 3590 1219 3638 de
1231 3594 1320 3639 sancta

147 3669 273 3719 Trinitate
286 3670 450 3733 quaestiones.
465 3671 501 3720 lta
514 3674 588 3721 sonat
600 3671 669 3719 docti
685 3669 845 3728 Puccinotti‚
863 3668 995 3718 conclusio
1012 3668 1045 3731 (p.
1068 3667 1126 3728 130)
1151 3685 1156 3718 :
1177 3686 1186 3714 r
1205 3669 1320 3720 Alexan-

147 3748 222 3797 drina
242 3747 404 3811 philosophia
424 3748 534 3811 (scilicet
555 3748 782 3812 Neoplatonismus
806 3747 948 3810 Ammonii,
972 3747 1068 3797 Plotini
1090 3753 1116 3797 et
1138 3748 1257 3813 aliorum)
1282 3757 1321 3801 est

146 3826 297 3889 turpissima
308 3826 430 3877 humanae
443 3828 570 3891 superbie
581 3834 608 3879 et
619 3829 774 3892 arrogantiae
784 3827 927 3892 aberratio;
941 3842 955 3877 e
967 3832 1056 3877 contra
1067 3827 1148 3877 Boetii
1160 3827 1321 3892 philosophia

145 3906 300 3957 humilitatis
321 3922 351 3959 ac
373 3908 507 3958 modestiae
530 3910 669 3973 exemplar.
695 3910 731 3958 Ex
753 3908 939 3961 Consolatione
956 3908 1138 3971 philosophico
1154 3908 1229 3958 tacite
1246 3911 1321 3960 colli-

146 3990 243 4052 guntur
265 3987 367 4052 singula
386 4003 496 4051 quaeque
523 3988 693 4053 philosophiae
716 3990 754 4038 sio
778 3989 853 4039 dictae
879 3990 1039 4039 christianae
1064 3990 1207 4054 principia;
1234 3990 1268 4040 ita
1294 3996 1322 4040 ut

145 4066 304 4130 quicumque
318 4067 346 4116 iu
359 4066 409 4115 hoc
420 4068 495 4129 libro,
512 4068 653 4127 Poemetto‚
666 4069 847 4132 paganismum
862 4069 985 4133 detegere
999 4069 1169 4126 constituerit,
1187 4074 1231 4119 aut
1246 4070 1321 4134 igno·

146 4145 239 4207 rantia,
257 4150 303 4194 aut
324 4160 421 4208 errore,
442 4151 486 4195 aut
507 4146 674 4210 praejudicata
696 4147 818 4210 opinione
835 4147 948 4207 laboret,
966 4152 1009 4198 aut
1027 4163 1058 4197 ex
1074 4163 1195 4211 perverso
1212 4148 1320 4198 consilio

146 4225 211 4276 alios
227 4225 349 4288 decipere
360 4231 454 4276 tentet.
474 4244 484 4273 r
508 4227 564 4276 Hoc
577 4227 733 4277 vocabulum
750 4227 888 4276 Poemetto
907 4227 981 4276 nobis
1002 4227 1035 4297 in
1046 4227 1201 4276 memoriam
1217 4232 1321 4276 revocat

146 4306 227 4365 alium
241 4307 268 4355 in
280 4308 373 4357 eadem
387 4308 441 4357 tere
462 4307 564 4372 poetica
582 4307 665 4356 forma
678 4307 860 4357 concinnatum
877 4307 982 4369 librum,
996 4307 1037 4356 cui
1054 4307 1144 4356 titulus
1157 4323 1163 4356 :
1177 4307 1223 4355 Les
1236 4321 1319 4356 overr-

148 4389 221 4433 tures
241 4386 274 4434 de
293 4385 491 4449 Te'le'moque‚a
513 4382 653 4435 chrisfiauo
676 4387 788 4449 quodem
804 4390 910 4435 auctore
927 4387 1111 4450 conscriptum,
1130 4391 1156 4435 et
1171 4386 1277 4449 quidem
1288 4386 1320 4435 ab

147 4463 269 4527 episcopo
291 4465 401 4514 scientia
425 4479 456 4514 ac
477 4465 572 4528 pietate
595 4466 816 4528 praestantissimo.
842 4465 906 4522 Quis
929 4479 1043 4528 unquam
1066 4466 1206 4515 Fenelonio
1231 4472 1320 4516 nostro

147 4542 251 4592 crimini
263 4543 334 4593 dedit
349 4545 418 4607 quod
428 4545 461 4594 de
474 4544 575 4595 Christo
587 4549 614 4593 et
627 4545 659 4594 de
679 4545 804 4610 religione
818 4544 956 4595 christiana
970 4559 1016 4608 per
1032 4549 1115 4595 totum
1131 4559 1208 4594 suum
1224 4545 1320 4596 librum

146 4635 180 4671 ne
194 4621 276 4671 ullum
288 4623 398 4674 verbnm
410 4624 515 4686 quidem
527 4624 684 4689 protulerit?
