3240 5468
725 455 917 526 ..100-

237 660 343 729 natur
375 648 461 726 ordo
490 672 610 724 rerum
640 654 675 723 et
704 647 792 722 ordo
817 645 1083 744 cognitionum:
1106 674 1120 704 u
1148 645 1256 742 Cujus
1275 644 1411 720 erroris

235 810 343 864 causa
376 792 441 880 est,
476 781 574 882 quod
606 780 727 857 omnia
757 802 837 879 quae
865 777 1015 877 quisque
1042 777 1151 873 novit,
1178 776 1409 876 exipsorum

236 930 375 997 tantum
401 918 434 994 vi
459 927 565 1017 atque
589 929 717 992 natura
746 911 910 1013 cognosci
938 910 1089 986 aestimat
1121 932 1201 1009 quae
1232 909 1407 989 sciuntur.

236 1052 337 1140 Quod
364 1060 479 1127 totum
497 1059 622 1127 contra
640 1057 705 1126 est.
722 1049 836 1122 Omne
851 1046 946 1121 enim
969 1042 1066 1143 quod
1086 1041 1311 1142 cognoscitur
1331 1066 1407 1117 non

192 1181 195 1185 ’
233 1185 432 1263 secundum
457 1184 513 1260 sui
541 1184 628 1280 virn,
654 1182 716 1261 sed
739 1180 938 1260 secundum
966 1175 1256 1279 cognoscentium
1285 1175 1409 1278 potius

234 1318 552 1421 comprehenditur
573 1313 812 1395 facultatem.
840 1347 855 1380 »
882 1316 982 1392 Hinc
1011 1338 1159 1391 auream
1188 1311 1409 1390 sententiam

234 1452 449 1529 luculentius
469 1452 588 1529 adhuc
603 1452 777 1552 expressit
792 1449 894 1526 divus
909 1449 1063 1525 Thomas
1078 1447 1165 1523 durn
1181 1446 1267 1522 dixit
1283 1481 1292 1525 ε
1318 1475 1337 1513 «
1358 1447 1409 1521 Ex

236 1594 361 1662 natura
391 1585 601 1684 intellectus,
632 1609 714 1685 quae
742 1585 892 1661 aliaest
926 1589 1103 1660 anatura
1129 1581 1177 1658 rei
1205 1580 1407 1677 intellectae,

233 1719 472 1796 necessarium
502 1719 679 1820 estquod
709 1718 800 1796 alius
829 1718 874 1793 sit
909 1717 1037 1795 modus
1079 1714 1296 1816 intelligendi
1330 1740 1407 1815 quo

232 1852 432 1930 intellectus
456 1852 629 1954 intelligit,
654 1865 687 1929 et
715 1853 804 1929 alius
829 1852 874 1928 sit
898 1851 1027 1928 modus
1058 1848 1214 1947 essendi,
1245 1872 1316 1948 quo
1348 1873 1406 1924 res

232 1985 383 2066 existit².
404 2017 418 2052 o
438 1986 502 2062 His
517 1987 633 2064 soluta
649 1987 809 2086 quaestio,
831 1986 886 2063 his
906 2007 1015 2064 causa
1028 1983 1130 2060 finita
1144 1989 1196 2059 est
1206 1978 1229 2058 ³.
1339 1960 1341 1963 ⁵

639 2483 764 2552 CAPUT
789 2481 991 2562 Quantum.

328 2739 374 2792 DE
396 2739 513 2793 BOETII
536 2738 778 2793 nnrhrflrstcn
801 2738 846 2791 ET
869 2738 915 2792 DE
939 2737 1304 2794 TRANSCENDENTIBUS.

283 2976 445 3052 Boetium
467 2975 664 3054 Aristotelis
687 2975 973 3077 metaphysicam
997 2975 1035 3051 in
1064 2975 1215 3052 latinum
1245 2984 1406 3052 transtu·

229 3107 324 3203 iisse,
360 3109 390 3184 si
417 3108 509 3184 sorte
538 3132 610 3185 non
640 3119 750 3185 totam
778 3109 907 3185 saltem
937 3109 1113 3208 quasdam
1143 3110 1248 3208 hujus
1276 3111 1402 3210 operis

230 3309 325 3328 —

260 3435 268 3468 ¹
292 3434 436 3496 consolat,
448 3433 492 3484 lib.
507 3433 537 3497 V,
551 3448 590 3498 pr.
602 3433 626 3484 l.

258 3519 270 3552 ¹
291 3517 485 3581 Metoplrpsic„
498 3517 543 3567 lib.
557 3518 577 3581 l,
594 3517 655 3566 lect.
670 3528 696 3568 x.

259 3598 271 3630 ⁸
290 3595 368 3645 Nullo
381 3596 458 3645 modo
469 3595 573 3645 laudern
586 3595 704 3644 Doctoris
717 3594 836 3660 Angelici
847 3595 1009 3646 obscuratam
1021 3610 1077 3646 esse
1091 3609 1228 3647 censemus
1240 3610 1271 3646 ex
1286 3610 1317 3647 eo
1328 3597 1400 3662 quod

224 3674 329 3738 quidam
344 3687 376 3724 ex
388 3674 503 3738 opposita
515 3672 616 3724 Scholae
637 3672 799 3738 philosophia
811 3673 940 3738 imprimis
952 3674 1042 3724 Prantl
1059 3679 1085 3724 et
1100 3674 1230 3736 llam-cau,
1247 3676 1399 3727 contradic-

224 3754 288 3802 toria
302 3753 423 3817 dogmata
438 3753 470 3803 ab
485 3753 540 3816 ipso
560 3753 653 3804 tradita
668 3768 725 3803 esse
737 3754 906 3804 contendunt.
924 3755 965 3804 An
980 3755 1146 3806 nominalista
1160 3757 1247 3806 vocari
1260 3760 1347 3819 potest
1354 3760 1399 3808 ille

224 3834 267 3895 qui
284 3834 346 3882 talia
364 3834 488 3896 scripsit:
505 3833 683 3884 «Humanitas
704 3834 775 3884 enirn
795 3839 836 3884 est
854 3835 962 3899 aliquid
983 3836 1013 3885 iu
1029 3850 1067 3898 re,
1089 3823 1247 3886 nontamen
1263 3836 1299 3886 ihi
1318 3839 1400 3890 habet

223 3912 357 3960 rationem
378 3913 602 3977 rrlttoersulitatts,
620 3927 680 3962 cum
696 3928 748 3963 non
766 3915 799 3965 sit
816 3921 888 3966 extra
906 3916 1022 3968 animam
1038 3919 1124 3984 aliqua
1139 3919 1288 3971 humanitas
1306 3921 1399 3973 multis

223 3991 385 4053 communis3
401 3992 447 4041 sed
459 3995 604 4043 secundum
616 3995 683 4056 quod
696 3995 821 4058 accipitur
833 3995 861 4044 in
873 3994 1018 4059 intellectu,
1032 4000 1182 4066 adjungitur
1198 4001 1223 4050 ei
1238 4015 1285 4064 per
1301 4015 1397 4064 opera-

221 4075 320 4124 tionem
340 4076 486 4126 intellectus
507 4079 621 4127 interitio
637 4079 781 4129 secundum
797 4094 876 4144 quam
892 4080 989 4130 dicitur
1004 4082 1104 4145 species
1122 4081 1140 4145 (l
1157 4081 1221 4131 Dist.
1239 4093 1294 4142 xlx,
1307 4096 1351 4146 qu.
1370 4096 1397 4142 v,

220 4168 243 4204 a.
257 4156 305 4218 l).r
321 4157 361 4206 An
375 4171 388 4205 e
402 4161 491 4206 contra
504 4157 572 4206 inter
584 4159 702 4209 realistas
714 4160 857 4223 platonicos
866 4162 1000 4211 accenseri
1012 4166 1096 4225 potest
1107 4162 1153 4226 qui
1164 4161 1258 4212 iterum
1272 4161 1376 4226 scripsit
1389 4181 1395 4213 :

223 4250 232 4276 ι
248 4231 311 4282 Cum
325 4234 420 4282 dicitur
433 4235 577 4286 universale
590 4235 748 4287 abstractum
763 4239 814 4288 duo
831 4239 1021 4303 intelliguntur,
1038 4241 1139 4291 scilicet
1157 4242 1212 4306 ipsa
1232 4248 1324 4292 natura
1346 4244 1394 4306 rei,

219 4317 245 4360 et
267 4312 415 4367 abstractio.
442 4329 487 4364 sen
515 4315 702 4367 universalitas.
729 4319 785 4381 Ipsa
810 4320 888 4384 igitur
912 4326 1014 4384 natura,
1039 4323 1083 4371 cui
1104 4322 1198 4373 accidit
1218 4323 1330 4386 intelligi
1353 4325 1395 4374 vel

218 4389 342 4450 abstrahi,
358 4395 397 4442 cel
411 4394 520 4444 intentio
533 4396 733 4446 universalitatis
746 4403 786 4447 est
798 4399 825 4447 in
838 4400 980 4451 intellectu.
994 4400 1027 4451 Et
1037 4401 1086 4450 hoc
1097 4414 1235 4464 possumus
1246 4400 1335 4452 videre
1347 4415 1395 4465 per

218 4469 304 4520 simile
318 4471 435 4522 insensu
459 4475 480 4538 (l
496 4489 533 4538 p,
550 4492 592 4540 qu.
607 4491 705 4540 cxxxv,
723 4494 747 4529 a.
761 4480 785 4542 2,
802 4481 834 4530 ad
852 4482 884 4545 2).
904 4500 916 4530 ι
934 4483 1081 4533 Adversarii
1097 4482 1146 4533 sibi
1160 4483 1229 4533 dicta
1242 4483 1329 4533 sinant
1343 4484 1394 4535 :Et

218 4563 288 4599 nunc
305 4551 472 4618 intelligite...
485 4555 624 4608 erudimini
636 4559 680 4623 qui
694 4559 847 4622 judicatis...
