3240 5468
710 435 910 505 ‚189-

226 632 342 708 nitidae
356 630 588 732 philosophiae
602 638 795 703 sectatores
810 636 950 726 putant.
972 652 992 698 ι
1015 624 1296 704 Boetinsautem
1316 631 1407 703 Sta-

226 765 350 866 giriten
371 776 472 840 vocat
489 797 497 840 :
516 762 721 838 Aristoteles
744 786 864 856 meus,
888 784 974 860 ergo
995 759 1089 836 inter
1106 784 1147 837 se
1164 784 1239 836 non
1261 739 1405 837 coive-

228 896 333 973 niunt
353 902 405 997 (p.
429 892 533 991 156).
554 898 710 994 Tempus
729 905 851 969 autem
869 917 943 993 quo
960 893 1028 968 luit
1045 902 1211 968 exaratus
1227 893 1321 970 liher
1341 893 1408 970 ille

138 1068 141 1073 ·
229 1053 303 1107 non
316 1031 478 1130 congruit
493 1053 576 1105 cum
592 1026 702 1103 Boetii
718 1036 891 1128 tempore.
906 1026 1042 1102 Prodiit
1055 1027 1164 1122 enim,
1178 1041 1220 1102 ot
1232 1030 1409 1126 conjicere

229 1163 328 1253 licat,
368 1163 465 1240 hreni
504 1175 584 1264 post
615 1161 904 1238 chalcedonense
943 1160 1157 1259 concilium,
1191 1183 1289 1238 anuo
1320 1156 1404 1239 451

232 1302 283 1399 (p.
315 1290 419 1394 136).
448 1296 532 1372 ldeo
559 1297 785 1370 dubitandum
812 1307 867 1371 est
893 1318 941 1369 an
970 1300 1021 1395 (p.
1050 1287 1141 1392 135)
1170 1294 1328 1395 Epistola
1357 1296 1409 1370 ab

231 1430 411 1533 episcopis
430 1430 677 1528 Orientalibus,
693 1453 789 1505 anno
809 1424 886 1506 51²2
904 1429 961 1505 nel
977 1422 1066 1528 513,
1081 1429 1126 1504 ad
1142 1426 1409 1529 Symmachum

232 1546 521 1669 papam'directa
536 1564 645 1641 ullam
662 1563 874 1642 relationem
892 1565 1021 1639 haheat
1039 1588 1122 1640 cum
1140 1563 1208 1638 isto
1226 1562 1410 1663 opusculo

233 1705 284 1801 (p.
315 1695 418 1795 158).
446 1697 574 1774 Incidit
601 1723 679 1796 erpo
711 1709 794 1773 ante
823 1706 983 1798 tempora
1009 1697 1134 1773 Boetii.
1161 1697 1411 1772 confirmatur

233 1840 351 1909 autem
375 1832 452 1909 haec
480 1834 683 1931 conjectura
709 1855 750 1906 ex
780 1855 822 1907 eo
845 1829 943 1930 quod
966 1829 1109 1905 auditor
1130 1828 1297 1929 Epistola
1322 1852 1413 1929 qum

232 1967 360 2068 legitur
390 1966 633 2042 inconvento
664 1964 758 2040 dicat
786 1989 824 2040 se
855 1998 870 2030 ιι
906 1987 1117 2064 percussum
1144 1988 1222 2040 esse
1249 1965 1414 2040 acuitatc

232 2101 335 2199 cujus
360 2098 458 2195 dicti,
492 2135 507 2167 a
534 2097 668 2173 scilicet
695 2095 856 2173 formulae
883 2122 923 2170 cc
951 2095 1091 2171 duabus
1117 2112 1166 2170 Er
1191 2097 1233 2170 io
1260 2097 1413 2175 duabus

232 2231 383 2313 naturis.
413 2231 449 2308 Si
475 2255 559 2332 ergo
584 2231 776 2307 novitatem
809 2231 917 2307 habet
949 2230 1025 2306 hac
1056 2229 1212 2306 formula
1240 2232 1415 2332 sequitur

232 2373 413 2443 auctorem
449 2365 547 2442 brevi
577 2372 657 2466 post
687 2364 973 2441 chalcedonense
1010 2363 1200 2440 concilium
1228 2364 1330 2442 hunc
1359 2367 1415 2442 li-

231 2500 337 2577 brum
361 2500 545 2600 scripsisse
569 2503 619 2599 (p.
645 2494 747 2594 158).
768 2498 928 2574 Tandem
951 2498 1151 2598 conscripta
1173 2505 1228 2574 est
1247 2498 1414 2598 Epistola

233 2631 466 2708 Orientalium
494 2654 513 2707 a
539 2632 727 2732 permultis
748 2631 946 2733 episcopis3
971 2655 1051 2731 quae
1076 2638 1197 2708 autem
1218 2631 1351 2732 legitur
1374 2634 1415 2710 in

232 2773 411 2843 conventu
430 2765 474 2842 ab
495 2789 569 2843 uno
588 2773 739 2862 tantum,
757 2765 818 2865 qui
838 2775 984 2842 vocatur
1006 2796 1021 2829 α
1044 2767 1234 2869 episcopus
1252 2769 1415 2870 scriptor

234 2896 401 2998 Epistola
426 2932 442 2966 a
464 2903 512 2999 (p.
533 2892 635 2994 136).
1215 2999 1218 3003 ι

286 3030 349 3105 lla
373 3039 459 3105 sunt
481 3030 649 3106 Nitzschii
676 3032 833 3108 rationes
852 3041 974 3111 contra
994 3035 1137 3111 tertium
1161 3035 1273 3112 Boetii
1292 3058 1414 3138 opus-

233 3162 364 3240 culum.

289 3297 368 3371 lam
385 3295 591 3373 monuimus
612 3305 715 3374 antea
733 3295 785 3397 (1·
801 3304 920 3398 Parte,
937 3326 972 3403 p.
988 3298 1053 3399 47)
1071 3309 1206 3382 tantam
1222 3328 1302 3381 esse
1316 3329 1412 3383 con-

236 3426 427 3507 cordiam¹
460 3429 497 3506 in
530 3453 648 3507 rerum
679 3424 713 3509 et
746 3433 942 3511 dictionum
970 3436 1062 3513 serie
1088 3436 1182 3514 inter
1211 3438 1414 3538 Epistulam

1359 3669 1416 3679 ι..-

271 3789 280 3823 ¹
301 3786 392 3850 Operm
405 3789 518 3853 pretium
531 3794 570 3840 est
580 3789 647 3839 lianc
657 3791 790 3856 utriusque
802 3776 970 3843 instrumenti
982 3796 1147 3845 concordiam
1157 3796 1189 3846 ob
1199 3798 1287 3847 oculos
1298 3811 1416 3861 ponere,

238 3871 266 3916 ut
280 3866 413 3917 dubitandi
425 3869 512 3918 nullus
524 3876 658 3920 remaneat
669 3872 742 3922 locus
756 3889 762 3922 ε

316 4015 349 4054 htx
367 4016 545 4056 oatahratta'tr
560 4020 695 4060 EPISTULA.
886 4026 920 4063 Ex
936 4026 1015 4064 alnao
1030 4027 1114 4065 nostrl
1128 4027 1231 4066 CONTRA
1243 4028 1397 4067 warenna.

332 4132 474 4184 Interduas
483 4134 603 4185 diabolici
615 4137 669 4186 vias
681 4139 774 4189 erroris
902 4144 977 4195 Prius
1010 4146 1121 4196 extremi
1152 4146 1252 4211 sibique
1283 4149 1415 4199 contrarii

238 4214 358 4279 Eutychis
370 4220 447 4279 atque
461 4215 584 4279 Nestorii,
602 4218 705 4268 tertiam
721 4220 773 4269 imo
871 4224 984 4275 Nestorii
999 4229 1077 4290 atque
1089 4226 1212 4292 Eutychis
1223 4241 1416 4278 summovean-

239 4293 351 4343 madiani
380 4295 453 4344 nohis·
481 4297 602 4347 ostendas
629 4299 774 4362 expressius
871 4310 913 4354 tur
926 4311 1188 4370 errores,p0stvero‚
1202 4307 1341 4371 adjuvante
1354 4307 1416 4360 Deo

238 4372 292 4422 vari
309 4372 425 4437 rectique
441 4374 568 4441 dogmatis
587 4375 683 4427 viam...
708 4379 775 4430 sicut
872 4384 1018 4435 christiana
1038 4386 1207 4437 medictatem
1224 4385 1286 4436 fidei
1303 4391 1414 4452 tempe-

239 4451 307 4503 intor
340 4455 394 4504 sirii
425 4462 451 4507 et
481 4458 587 4509 Sabellii
616 4463 774 4514 sententiam
872 4465 1182 4530 rabo...Mediaquchaec
1200 4469 1239 4516 est
1255 4466 1324 4517 inter
1344 4467 1416 4520 duas

240 4532 411 4585 ostenderunt
422 4534 467 4589 SS.
481 4537 572 4590 Patres
580 4539 648 4591 viam
661 4540 774 4594 mediam
872 4544 986 4597 haereses
997 4545 1120 4608 via,sicut
1128 4545 1345 4612 virtutesquoque
1353 4561 1417 4600 me·
