3240 5468
710 433 910 504 -177-

277 569 316 648 Ψ
335 575 516 675 teguntur
530 577 649 658 adhuc
664 578 780 683 hodie,
795 581 834 658 in
849 581 1111 683 martyrologiis
1131 583 1282 686 catalogi
1298 586 1397 686 epis·

220 728 396 805 coporum
431 709 671 789 africanorum
709 714 747 790 in
786 716 952 794 Sardinia
993 717 1254 813 defunctorum,
1295 720 1396 796 abest

220 843 345 914 autem
359 840 485 915 Boethi
501 865 653 937 nomen3

235 980 238 986 '
277 963 316 1046 3⁰
340 973 517 1058 Quaeritur
540 977 635 1054 unde
661 978 802 1078 collegit
826 980 868 1055 D.
893 981 1067 1057 Jourdain
1096 982 1252 1058 honores
1280 982 1396 1059 cultus

221 1105 358 1205 publici
374 1132 394 1182 a
409 1109 631 1209 Luitprando
645 1136 727 1212 rege
741 1115 873 1189 Boetho
889 1113 1031 1191 cuidam
1046 1115 1156 1192 fuisse
1173 1115 1342 1208 collatos3

277 1234 316 1315 4⁰
340 1243 511 1320 Perennis
528 1253 650 1323 antem
676 1248 793 1323 existit
812 1249 849 1323 in
869 1249 1032 1351 papiensi
1061 1250 1223 1346 ecclesia,
1250 1251 1333 1326 inde
1352 1250 1402 1339 ab,

222 1374 471 1474 antiquissima
491 1386 606 1478 aetate,
623 1381 796 1457 memoria
821 1382 935 1458 saneti
961 1383 1121 1460 Severini
1148 1383 1272 1473 Raetii,
1298 1407 1398 1460 mar-

224 1508 324 1610 tyris,
348 1522 387 1585 ut
415 1520 589 1589 testantur
619 1513 703 1590 Acta
732 1515 958 1615 Sanctorum,
985 1539 1026 1591 ac
1057 1513 1193 1591 nullum
1222 1515 1398 1617 reperitur

223 1642 412 1743 vestigium
437 1644 623 1746 cujusdam
648 1647 785 1746 Boethi,
806 1647 1030 1725 confessoris.
1053 1649 1128 1724 Hoc
1147 1648 1397 1725 firmissimum

224 1786 259 1852 et
277 1776 451 1856 invictum
472 1786 634 1856 remanet
653 1791 775 1857 contra
798 1783 837 1857 D.
858 1781 1033 1859 lourdain
1053 1782 1270 1883 hypothesin
1286 1807 1397 1882 argu-

225 1918 398 1988 mentum.

279 2134 339 2214 Ill.
368 2180 421 2192 -
446 2137 546 2214 Nunc
574 2138 618 2213 ad
648 2137 704 2216 Fr.
734 2137 900 2214 Nitzschii
931 2145 1087 2238 systema
1114 2136 1395 2238 progrediamur.

226 2270 396 2368 llajorem
420 2270 517 2368 apud
542 2270 734 2346 hodiernos
756 2271 898 2347 criticos
917 2270 1023 2346 fidem
1045 2271 1181 2348 invenit
1200 2272 1257 2346 Fr.
1280 2270 1396 2345 h'itzs-

226 2403 296 2478 chii
326 2403 369 2479 de
398 2404 520 2481 Boetio
550 2406 747 2505 systema¹‚
777 2405 861 2481 licet
892 2404 1019 2481 iisdem
1054 2403 1149 2483 vitiis
1184 2405 1320 2480 laboret
1354 2428 1396 2480 ac

228 2535 268 2608 [t.
285 2535 459 2611 Jourdain
478 2570 494 2602 «
512 2537 674 2636 speciosa
688 2538 904 2637 coniectura.
923 2572 939 2604 »

282 2671 390 2746 lotus
409 2670 447 2744 in
470 2693 511 2745 eo
527 2679 581 2746 est
596 2669 796 2746 Nitzsohius
816 2680 854 2746 ut
874 2671 1095 2747 demonstret
1118 2671 1291 2767 Boetium,
1314 2670 1397 2748 licet

227 2802 363 2901 origine
386 2803 633 2899 christianum,
665 2828 706 2880 ac
734 2804 918 2914 baptismo
940 2804 1131 2898 initiatum,
1166 2828 1248 2879 curn
1281 2804 1398 2879 chris-

229 2935 334 3010 tianis
354 2935 477 3012 amicis
493 2946 743 3013 conversatum
760 2942 810 3037 (p.
825 2932 889 3036 40,
906 2931 968 3032 46,
986 2931 1088 3032 172),
1105 2959 1179 3012 non
1194 2934 1342 3036 quidem
1358 2944 1397 3012 ut

227 3068 475 3170 christianum,
492 3068 553 3145 sed
576 3078 614 3145 ut
634 3093 826 3170 paganum,
842 3069 1108 3171 philosophiam
1123 3069 1285 3145 coluisse.
1310 3070 1394 3168 Ejus

226 3203 325 3279 enim
350 3203 589 3304 philosophia,
609 3203 669 3300 ait,
690 3203 789 3280 nullo
813 3203 981 3305 specifico
1004 3203 1198 3280 christiano
1218 3208 1399 3278 caractere

228 3335 430 3435 insignitur,
446 3336 621 3436 quinimo
641 3336 724 3413 fidei
745 3337 947 3414 christiane
966 3337 1175 3413 adversatur
1196 3340 1244 3434 (p.
1267 3329 1344 3411 172
1364 3343 1400 3411 et

229 3467 392 3567 passim).
421 3468 532 3567 lgitur
560 3468 779 3568 impossihile
811 3479 865 3544 est
897 3467 1059 3542 Boetinm
1094 3489 1174 3541 esse
1203 3463 1399 3564 genuinum

229 3613 411 3680 auctorem
429 3627 555 3680 eorum
570 3627 650 3703 quae
664 3602 733 3704 ipsi
750 3600 1004 3679 adscribuntur
1018 3600 1287 3699 opusculorum.

283 3738 366 3814 Haec
381 3749 434 3813 est
448 3737 613 3815 Nitzschii
630 3761 771 3813 summa
787 3721 1004 3838 systematis

284 3871 365 3947 tam
380 3879 484 3947 antea
500 3871 588 3948 illud
605 3856 836 3972 perspicuum
853 3866 1037 3946 effecimus
1056 3863 1261 3942 boetianam
1283 3861 1403 3965 philo-

230 4004 397 4104 sophiam
425 4005 587 4106 apprime
618 4028 701 4081 eum
728 4002 890 4080 doctrina
920 3999 1113 4078 christiana
1141 3996 1403 4093 conciliatae

231 4138 533 4216 verisimillimum
561 4163 639 4216 esse
661 4137 826 4215 Boetium
852 4134 1038 4235 theologiae
1067 4131 1272 4209 christianas
1301 4129 1405 4230 addi-

266 4469 276 4502 t
297 4467 355 4518 Dus
376 4468 480 4532 System
502 4467 548 4516 des
568 4464 713 4526 Boethius,
736 4463 790 4513 und
810 4461 853 4512 die
871 4461 926 4512 ihm
946 4455 1190 4524 Zugeschriehenen
1210 4451 1407 4520 theologischen

232 4546 373 4609 Schriften,
387 4562 438 4598 von
452 4546 584 4598 Friedrich
596 4544 711 4598 Nttzsch.
725 4543 823 4608 Berlin,
833 4541 904 4593 raon.

1232 4653 1265 4710 12
