3240 5468
714 369 889 439 *ib-'-

120 549 122 553 ⁴
225 585 239 618 t
271 552 410 629 duabus
437 560 574 649 autem,
609 553 805 669 inquibus
844 557 940 633 visus
977 568 1012 634 et
1045 559 1209 659 palpatus
1243 569 1314 656 est,
1352 571 1388 639 et

224 717 239 751 r
271 693 478 786 assumptus
506 693 586 787 post
615 686 821 787 passionem
849 696 884 766 et
911 691 1208 770 resurrectionem
1237 693 1388 771 confite-

224 853 240 887 »
271 843 354 895 mur
374 853 444 894 »....

275 953 486 1051 Suspectam
504 950 601 1027 haud
619 949 796 1031 immerito
816 962 850 1031 et
864 956 963 1031 omni
981 957 1121 1034 cautela
1135 957 1279 1058 dignam
1296 959 1387 1037 hanc

221 1082 409 1184 epistolam
433 1085 574 1161 censuit
595 1087 830 1186 Symmachus
854 1112 959 1188 papa,
986 1097 1109 1190 utpote
1134 1093 1385 1191 conscriptam,

218 1217 319 1315 jussu
345 1214 570 1317 imperatoris
595 1220 781 1316 Anastasii,
797 1221 842 1297 ab
863 1221 982 1322 aliquo
1002 1223 1170 1324 episcopo
1189 1225 1388 1302 concordiae

221 1349 304 1450 plus
326 1374 428 1449 aequo
453 1348 663 1450 indulgenti.
684 1353 815 1453 ltaque
831 1361 868 1429 ut
889 1354 1040 1455 pleniori
1057 1357 1193 1456 judicio
1215 1357 1388 1435 sententia

221 1480 397 1558 diceretur
421 1483 658 1561 conventum¹
686 1485 812 1562 indixit
835 1487 997 1564 Pontifex
1020 1489 1179 1567 virorum
1202 1491 1389 1570 doctorum

220 1640 261 1692 ac
288 1615 547 1716 religiosorum,
573 1625 646 1693 tam
674 1642 716 1694 er
741 1617 878 1696 clericis
906 1646 1017 1720 quam
1040 1648 1082 1700 er
1100 1624 1199 1701 laicis
1219 1625 1254 1700 in
1276 1650 1389 1702 unum

222 1749 458 1827 collectorum.
471 1751 562 1826 Huic
572 1752 983 1852 conveniatutviduur,
996 1755 1389 1858 aderatBoetiusatque

222 1887 297 1984 ey'us
320 1883 457 1960 amicus
477 1883 649 1960 diaconus
673 1885 841 1983 ioannes,
865 1893 898 1962 et
920 1889 1155 1987 Symmachus
1175 1913 1287 1967 socer.
1306 1892 1390 1967 Haec

223 2017 420 2094 luculenter
430 2017 597 2094 describit
607 2017 749 2094 Boetius
760 2017 796 2092 in
807 2020 980 2120 prooemio
996 2021 1159 2120 opusculi
1174 2021 1233 2098 cui
1250 2022 1388 2101 titulus:

223 2152 326 2226 Liber
341 2165 461 2232 contro
470 2150 651 2248 Eutychen
668 2158 702 2227 et
712 2152 929 2242 Nestorium,
944 2151 988 2228 ad
999 2151 1191 2230 diaconum
1203 2155 1388 2235 ioannem.

225 2283 339 2361 Liceat
354 2283 437 2360 hinc
453 2307 632 2384 perpauca
649 2283 806 2363 delibare
821 2295 861 2361 ut
876 2287 952 2385 jam
973 2310 1069 2363 nunc
1088 2286 1263 2363 elucescat
1282 2286 1391 2364 thesis

221 2427 352 2497 nostroe
365 2417 508 2496 veritas.
529 2419 578 2495 [te
594 2417 647 2494 his
662 2417 758 2496 enim
771 2417 888 2496 fusius
903 2428 1039 2521 postea.
1055 2421 1137 2498 llaec
1154 2420 1199 2499 ad
1215 2422 1388 2499 loannem

223 2551 344 2631 scribit
358 2551 501 2628 Boetius
518 2583 526 2629 :

279 2715 295 2748 «
327 2684 437 2762 Anxie
468 2692 502 2762 tc
526 2684 673 2786 quidem
697 2686 833 2786 diuque
857 2687 1023 2783 sustinui,
1050 2695 1088 2764 ut
1111 2686 1154 2765 de
1180 2712 1221 2764 ca
1251 2689 1392 2787 quaein

228 2852 242 2886 n
275 2826 449 2897 conventu
470 2827 567 2896 mota
586 2827 640 2895 est
658 2820 857 2919 quaestione
875 2820 1114 2920 loqueremur.
1137 2821 1206 2896 Sed
1221 2821 1391 2921 quoniam

228 2989 243 3024 2
275 2961 309 3030 et
324 2958 363 3029 tu
379 2951 571 3053 quominus
589 2951 728 3031 venires
744 2953 978 3053 occupatione
993 2953 1182 3030 distractus
1202 2977 1252 3053 es,
1265 2961 1308 3030 'et
1327 2977 1391 3054 ego

228 3089 311 3165 »in
346 3088 542 3166 crastinum
580 3087 783 3166 constitutis
815 3084 963 3189 negotiis
996 3086 1224 3190 implicabar,
1260 3085 1392 3164 mando

260 3431 269 3466 ¹
292 3429 360 3479 Talis
373 3429 517 3478 conventos
527 3429 661 3493 specimen
670 3427 752 3478 refert
764 3426 877 3491 Epistola
888 3427 1084 3491 dogmatica15⁸
1098 3428 1125 3479 S.
1136 3428 1230 3478 Leonis
1239 3427 1273 3476 M.
1285 3428 1317 3477 ad
1326 3426 1393 3477 Tur-

226 3510 330 3570 ribium,
343 3509 538 3558 asturicensem
553 3509 713 3571 episcopum,
734 3513 759 3557 et
779 3508 811 3558 ad
833 3507 966 3570 episcopos
979 3507 1119 3570 Hispaniae,
1142 3521 1192 3571 qua
1208 3510 1349 3556 monentur
1362 3506 1394 3557 de

226 3590 303 3639 modo
311 3603 361 3653 quo
372 3603 414 3638 res
423 3589 548 3644 adversus
555 3587 764 3638 Priscillianistas
775 3587 888 3652 gerenda
898 3587 931 3636 sit
941 3602 947 3637 :
960 3604 969 3632 ι
987 3587 1187 3637 Manichaeorum
1196 3585 1393 3648 turpitudinem,

229 3669 295 3718 »ait
314 3667 440 3730 Pontifex,
463 3667 496 3717 ad
520 3667 651 3730 publicam
668 3666 777 3714 fecimus
797 3665 934 3729 pervenire
953 3665 1082 3726 notitiam,
1104 3678 1138 3714 ne
1155 3664 1298 3714 ullomodo
1315 3663 1396 3728 possit

224 3766 236 3794 ι
256 3747 364 3797 dubium
376 3747 466 3809 sideri,
477 3747 546 3810 quod
560 3747 585 3795 in
595 3746 694 3810 judicio
707 3751 804 3805 nostro,
817 3745 859 3795 cui
872 3759 925 3794 non
937 3745 1021 3795 solum
1033 3744 1244 3808 frequentissima
1257 3744 1396 3807 praesentia

227 3844 238 3874 s
256 3826 422 3876 sacerdotum
433 3864 440 3889 ,
453 3827 500 3877 sed
510 3828 595 3876 etium
605 3827 756 3876 illustrium
769 3826 891 3875 uirorum
903 3826 1023 3889 dipnitos
1032 3831 1058 3874 et
1067 3839 1135 3888 pars
1147 3825 1271 3887 quoedom
1285 3814 1396 3874 curatus

229 3925 239 3954 ι
257 3921 288 3956 ac
298 3906 380 3968 plebis
390 3906 514 3967 interfuit,
525 3906 649 3969 ipsorum,
658 3906 703 3969 qui
714 3919 792 3954 omne
804 3904 903 3954 facinus
916 3909 1099 3969 perpetrarunt
1110 3917 1155 3953 ore
1168 3906 1313 3952 reseratum
1326 3907 1394 3951 est.»

220 3985 372 4050 (Baronius,
384 3985 416 4035 ad
427 3999 488 4034 ann.
502 3983 565 4044 444.)
584 3984 657 4033 idern
669 3983 755 4032 adhuc
774 3983 905 4032 invenitur
916 3982 1044 4033 tractandi
1063 3981 1155 4031 modus
1173 3980 1200 4030 in
1215 3979 1327 4029 lor-,tione
1339 3969 1410 4029 car·¹

227 4066 328 4114 minum
339 4064 483 4128 presbyteri
493 4064 628 4127 cujusdam
637 4064 760 4120 Aratoris,
769 4063 901 4126 quinctus
909 4063 1090 4126 Apostolorum
1103 4061 1130 4110 in
1142 4074 1232 4110 versus
1244 4060 1394 4122 redegeram

227 4157 285 4209 quae
296 4144 374 4210 lectio
385 4147 487 4206 septem
500 4142 597 4191 vicibus
609 4155 655 4204 per
667 4140 754 4202 plures
766 4140 822 4189 dies
832 4140 919 4189 locum
933 4139 1032 4201 babuit,
1047 4153 1115 4189 anno
1127 4137 1183 4199 544,
1196 4151 1284 4189 coram
1296 4136 1397 4187 clericis

227 4238 258 4274 ac
270 4225 398 4288 religiosis
411 4225 481 4286 viris,
495 4223 626 4288 plerisque
638 4221 800 4271 senatoribus
811 4220 916 4285 (Migne,
929 4225 947 4270 t.
962 4220 1047 4282 ttuv,
1062 4220 1111 4270 ool.
1125 4218 1203 4280 1340).
1217 4216 1397 4267 -Senatores

200 4353 202 4358 .
227 4317 282 4354 non
293 4293 457 4354 raroversari
465 4303 533 4354 circa
541 4302 697 4366 questiones
709 4300 868 4365 theologicas
878 4304 987 4350 testatur
996 4298 1076 4349 etiam
1088 4309 1243 4360 responsum
1249 4294 1397 4358 Presbyteri

228 4382 325 4440 Tritolii
345 4384 377 4433 ad
394 4383 517 4432 Faustum
535 4385 693 4442 senatorem,
713 4379 781 4430 anno
791 4379 887 4442 5l8,de
898 4377 1015 4429 doctrina
1025 4376 1182 4442 Scytharum
1198 4372 1395 4435 monachorum,

229 4462 274 4526 qut
286 4476 367 4512 unum
376 4463 409 4513 de
421 4461 546 4512 'trinitate
556 4472 659 4523 passum
671 4457 835 4510 affirmabant
846 4457 951 4522 (Migne,
963 4461 983 4507 t.
997 4453 1085 4518 LXlll,
1098 4454 1148 4509 cot.
1160 4453 1225 4518 tat).
