3240 5468
743 420 915 491 —96*

246 609 460 686 universalia
478 610 619 686 realiter
634 610 780 708 quidem
796 619 891 686 entra
908 633 973 685 nos
989 627 1060 687 non
1072 610 1233 707 existere,
1246 611 1308 690 scd
1319 611 1416 689 idea·

244 740 324 817 liter
338 743 468 842 concipi
482 743 521 816 in
537 756 648 818 monte
668 751 788 817 nostra
805 742 935 819 docuit.
958 744 995 819 Si
1012 742 1236 820 dbaelardum
1256 745 1414 823 audieris

244 883 298 950 est
314 874 460 974 quidem
475 874 674 951 universale
687 875 803 951 forma
821 875 984 974 quaedam
1001 899 1066 952 seu
1083 877 1260 976 categoria
1279 877 1414 955 mentis

244 1014 374 1082 nostrae
397 1032 506 1106 quam
532 1016 629 1084 extra
655 1032 720 1084 nos
744 1008 966 1108 projicimus,
987 1011 1093 1086 rebus
1118 1010 1270 1087 externis
1294 1008 1414 1111 appli-

243 1141 368 1237 cando,
393 1164 483 1240 quas
509 1143 549 1216 in
576 1165 688 1216 unum
712 1142 864 1218 collectus
888 1141 1108 1220 universales
1133 1141 1319 1243 tingimus.
1349 1145 1414 1217 Ast

243 1298 327 1351 vero
346 1273 448 1350 nobis
473 1274 636 1376 explanet
651 1273 855 1352 tbaelardus
878 1275 975 1352 unde
998 1273 1184 1375 proveniat
1207 1273 1305 1353 istud
1328 1273 1414 1351 uni-

242 1406 378 1482 versale
391 1431 484 1482 merc
502 1422 533 1483 ct
552 1407 720 1483 ecclcsiae
739 1409 778 1482 in
792 1423 904 1484 mente
924 1413 1149 1507 conceptum?
1169 1407 1299 1484 Sinon
1318 1406 1412 1484 inest

243 1539 385 1615 realiter
405 1564 446 1616 ac
466 1540 778 1617 fundamentaliter
802 1542 838 1616 in
859 1540 1111 1641 singularibus
1133 1542 1210 1640 jam
1232 1539 1331 1617 nulla
1355 1539 1412 1618 ria

243 1683 297 1750 est
319 1698 389 1774 qua
414 1675 450 1750 in
475 1682 594 1751 mente
613 1673 753 1776 concipi
774 1675 897 1776 possit.
920 1677 969 1750 lle
993 1682 1120 1751 caetero
1144 1654 1411 1774 scepticismum

240 1809 388 1904 inducit,
410 1832 483 1885 non
503 1832 605 1886 secus
624 1831 666 1886 ac
685 1807 979 1904 nominalismus‚
1005 1807 1100 1884 istud
1122 1802 1295 1883 dbaeldrdi
1325 1830 1411 1906 sys-

241 1952 346 2020 tema.
367 1943 490 2018 Restat
518 1966 602 2042 ergo
626 1951 666 2017 ut
690 1942 736 2017 ad
759 1942 873 2018 Boetii
898 1940 1112 2019 senteutiam
1137 1938 1364 2033 accedamus,
1389 1963 1410 2014 a

240 2077 280 2152 D.
316 2076 452 2152 Thema
491 2074 537 2153 ad
574 2078 744 2176 majorem
779 2075 1034 2154 correctionem
1063 2074 1257 2151 adductam
1294 2082 1335 2148 ut
1368 2097 1409 2150 ex

240 2207 401 2286 dicendis
420 2209 567 2310 patebit.

248 2342 250 2347 ’
292 2344 344 2418 ad
374 2345 466 2421 hanc
494 2345 707 2421 sententiam
737 2344 881 2445 planius
910 2343 1152 2444 aperiendam,
1180 2365 1327 2420 necesse
1355 2350 1411 2419 est

239 2499 354 2576 pauca
401 2478 565 2575 quaedam
607 2477 651 2553 de
695 2476 862 2554 realismo
902 2475 1059 2553 Platonis
1096 2473 1273 2570 delibare,
1306 2476 1411 2573 juxta

238 2612 281 2686 D.
312 2609 497 2688 Thomam.

295 2776 310 2808 α
343 2745 388 2818 Ut
408 2753 529 2846 posset
544 2744 644 2820 Plato
660 2745 799 2821 salvare
814 2753 948 2822 certam
964 2742 1200 2844 cognitionem
1213 2740 1373 2818 veritatis
1389 2764 1408 2816 a

240 2911 258 2947 ι
290 2878 393 2955 nobis
418 2902 481 2981 per
505 2878 724 2956 intellectum
748 2879 884 2976 haberi,
903 2877 1024 2979 posuit
1045 2883 1172 2978 praeter
1190 2875 1259 2952 ista
1274 2881 1409 2975 corpo.-

240 3045 257 3078 »
289 3012 377 3090 ralia
393 3012 492 3088 aliud
516 3037 628 3112 genus
646 3014 782 3090 entium
803 3037 823 3088 a
844 3010 994 3088 materia
1014 3020 1047 3088 et
1071 3017 1169 3087 motu
1186 3015 1406 3110 separatum,

241 3178 257 3211 »
290 3143 387 3242 quod
406 3145 617 3220 nominabat
636 3147 758 3244 sperica
782 3145 854 3220 sive
874 3145 979 3243 idem,
1000 3169 1063 3244 per
1081 3164 1233 3243 quarum
1255 3141 1408 3243 partici-

241 3311 257 3342 »
290 3275 472 3375 pationem
497 3278 783 3377 unumquodque
811 3279 963 3354 istorum
993 3275 1227 3376 singularium
1259 3283 1295 3352 et
1322 3296 1409 3352 sen-

240 3442 257 3475 »
290 3407 446 3486 sibilium
470 3409 598 3487 dicitnr
620 3409 675 3488 vel
695 3412 815 3507 bomo,
833 3410 887 3488 rel
908 3433 1033 3510 equus,
1049 3409 1106 3487 vel
1124 3405 1260 3506 aliquid
1278 3407 1407 3509 hujus-

239 3576 256 3609 »
289 3543 405 3623 modis
423 3544 480 3622 Sic
505 3570 588 3644 ergo
613 3544 752 3621 dicebat
771 3545 930 3619 scientim
947 3554 982 3619 et
999 3528 1225 3644 definitiones,
1242 3550 1276 3616 et
1294 3540 1408 3639 quid-

240 3713 256 3743 »
289 3678 374 3775 quid
399 3679 586 3755 adactum
612 3679 810 3756 intellectus
833 3679 998 3779 pertinet,
1024 3701 1097 3753 non
1117 3673 1241 3752 referri
1265 3673 1312 3749 ad
1335 3674 1405 3750 ista

223 3844 256 3876 v»
288 3812 485 3909 corporalia
503 3812 696 3911 sensibilia,
713 3812 774 3888 sed
789 3812 832 3888 ad
848 3811 907 3886 illa
923 3808 1174 3886 immaterialia
1189 3816 1223 3885 et
1238 3816 1406 3909 separata

240 3977 256 4008 ι»
289 3952 326 4016 ut
341 3944 392 4019 sic
411 3946 531 4020 anima
549 3970 620 4020 non
642 3947 813 4046 intelligat
831 3947 899 4022 ista
919 3944 1129 4046 corporalia,
1144 3943 1207 4019 sed
1228 3941 1405 4041 intelligat

238 4111 254 4144 s
286 4075 417 4153 horum
430 4078 671 4178 corporalium
687 4079 824 4180 species
840 4087 1024 4179 separatas
1035 4077 1058 4158 ¹.
1085 4114 1099 4146 n
1137 4152 1139 4157 .

288 4210 370 4286 Haec
389 4219 443 4287 est
465 4210 526 4286 illa
552 4212 705 4288 Platonis
725 4212 768 4289 dc
784 4211 1049 4289 Universalibus
1067 4235 1130 4288 seu
1145 4211 1189 4288 de
1208 4209 1302 4287 ldeis
1317 4210 1403 4286 doc-

267 4511 276 4544 t
301 4510 310 4558 1
325 4525 361 4573 p,
376 4525 419 4574 qu.
433 4523 541 4575 nxxnrv,
557 4509 583 4562 ass
594 4514 618 4564 1.
