3240 5468
779 418 976 488 -lla-

293 629 357 683 sau
372 613 537 684 arentum
555 605 744 683 temerario
759 616 861 683 motu
876 631 918 684 ao
929 607 1227 686 nullacausarum
1238 610 1468 689 connexione

293 738 519 840 productum,
535 739 666 817 diserte
682 740 808 817 asserit
822 741 965 820 Boetius
975 739 999 822 ¹.

346 873 430 961 Quis
447 873 569 952 credat
579 873 797 950 Nitzschium
811 875 904 954 hanc
919 879 1032 956 Boetii
1048 879 1260 957 sententiam
1272 912 1280 959 :
1293 904 1338 958 ex
1350 880 1467 958 nihilo

290 1007 379 1082 nihil
393 1007 485 1100 fieri,
497 1007 772 1108 impugnarisse,
784 1008 889 1108 quasi
901 1019 1037 1088 veteres
1052 1011 1128 1088 suis
1144 1011 1333 1089 coaetaneis
1348 1035 1468 1114 oppo-

292 1139 402 1216 suerit
431 1140 575 1216 Boetius
600 1150 640 1215 ut
668 1140 846 1218 contraria
876 1141 1098 1220 sentientes?
1127 1143 1312 1245 Duplicem
1339 1151 1468 1220 autem

291 1274 396 1375 hujus
416 1275 532 1375 adagii
553 1299 700 1352 sensum
719 1276 774 1354 rel
798 1274 959 1351 rudiores
981 1273 1166 1353 advertere
1184 1285 1347 1377 possunt.
1371 1279 1469 1355 Vera

291 1408 388 1486 enim
416 1410 591 1487 sententia
617 1410 781 1485 estnihil
805 1410 884 1508 fieri
908 1434 947 1484 aa
971 1409 1096 1498 nihilo,
1124 1409 1160 1486 id
1184 1409 1359 1510 estnihil
1384 1411 1470 1508 fieri

290 1543 391 1618 nulla
418 1544 636 1644 praeiacente
653 1567 772 1630 rocca,
795 1551 829 1620 et
849 1542 979 1620 iterum
999 1566 1082 1620 vera
1101 1552 1155 1621 est
1176 1543 1352 1621 sententia
1373 1543 1470 1618 nihil

255 1712 257 1718 ·
290 1677 369 1774 fieri
389 1701 428 1751 aa
442 1676 567 1764 nihile,
585 1678 722 1776 quando
742 1699 852 1753 cauae
866 1678 1022 1754 secundo
1037 1690 1241 1775 operantur,
1258 1698 1344 1751 nam
1363 1675 1469 1752 indi·

289 1819 373 1907 gent
400 1811 561 1889 absolute
589 1811 736 1890 materia
761 1831 870 1908 quam
896 1814 1135 1884 transmutent
1164 1815 1228 1883 aut
1259 1807 1467 1884 efforment.

270 1945 441 2030 ·Quando
469 1954 588 2020 autem
613 1943 764 2044 quaestio
793 1950 858 2037 est,
878 1938 924 2015 ‘ut
948 1939 1067 2017 innuit
1091 1941 1247 2038 Boetius,
1273 1940 1317 2019 de
1341 1940 1467 2042 primo

289 2086 461 2175 operante
476 2075 664 2175 principio,
681 2084 820 2150 certum
835 2080 889 2150 est
906 2073 1026 2174 ipsum
1041 2075 1137 2151 nulla
1153 2074 1302 2151 materia
1321 2074 1358 2149 in
1374 2097 1467 2174 ope·

289 2207 403 2284 rando
420 2209 599 2309 indigere,
619 2208 716 2309 quod
731 2218 853 2284 nutem
872 2231 935 2307 per
950 2208 1163 2308 sapientiam
1180 2232 1220 2286 aa
1240 2207 1466 2284 voluntatem

286 2341 466 2419 infinitam
488 2345 596 2419 rebus
615 2344 742 2421 creatis
765 2341 988 2419 existentiam
1008 2340 1156 2438 dederit,
1178 2339 1348 2439 quodque
1368 2339 1467 2416 stul-

289 2482 366 2547 tum
386 2472 431 2549 sit
451 2474 527 2549 haec
544 2473 605 2549 llei
625 2473 792 2550 attributa
809 2498 874 2573 pro
889 2473 999 2549 nihilo
1015 2473 1159 2570 habere,
1175 2483 1312 2549 certum
1327 2470 1467 2571 pariter

288 2618 323 2681 et
353 2607 607 2682 inconcussum
635 2616 768 2683 manet.
792 2609 875 2684 Haec
901 2606 1113 2708 magnificis,
1138 2614 1177 2681 ut
1205 2603 1311 2702 solet,
1342 2605 1465 2685 verbis

283 2737 438 2839 explicat
463 2735 737 2839 Augustinus²z
773 2773 789 2808 a
823 2741 912 2819 Ante
943 2741 1141 2844 primordia
1171 2738 1395 2835 saeculorum,
1425 2750 1465 2816 et

288 2882 369 2949 ante
397 2897 503 2950 omne
528 2874 626 2973 quod
650 2874 706 2951 vel
727 2891 808 2952 ante
832 2876 902 2953 dici
929 2883 1057 2976 potest,
1084 2879 1136 2953 Tu
1160 2900 1197 2954 es
1225 2883 1260 2952 et
1286 2875 1380 2951 Deus
1407 2897 1462 2970 es,

287 3008 532 3108 Dominusque
565 3009 726 3084 omnium
761 3035 840 3109 quae
879 3009 1024 3106 creasti,
1059 3017 1093 3086 et
1130 3007 1226 3108 apud
1258 3008 1306 3082 Te
1335 3029 1464 3082 rerum

287 3141 449 3217 omniurn
470 3142 688 3217 instabilium
709 3151 803 3218 stant
825 3168 955 3240 causae,
972 3151 1007 3216 et
1023 3163 1141 3216 rerum
1157 3136 1318 3213 omnium
1339 3146 1460 3211 muta·

287 3273 411 3349 bilium
431 3273 671 3350 immutabiles
688 3284 833 3349 manent
848 3273 1013 3372 origines,
1033 3282 1068 3347 at
1084 3269 1247 3346 omnium
1263 3265 1462 3343 irrationa-

288 3406 412 3481 bilium
433 3415 466 3483 et
483 3406 733 3507 temporalium
749 3408 975 3507 sempiterna
991 3406 1114 3483 virunt
1129 3406 1296 3481 rationes.
1315 3439 1333 3475 a

341 3544 549 3618 Universum
571 3549 688 3620 autem
710 3542 755 3619 de
776 3542 899 3618 Causis
920 3540 1119 3617 doctrinam
1141 3537 1286 3613 tradidit
1312 3536 1462 3612 Boetius

285 3677 323 3752 in
352 3677 417 3752 hoc
446 3675 587 3752 sublimi
617 3676 777 3752 carmine
809 3674 904 3775 quod
934 3672 1073 3772 legitur,
1108 3667 1260 3760 Cenaei,
1295 3668 1355 3744 lib.
1392 3669 1458 3764 lll,

287 3832 339 3906 pr.
369 3805 429 3904 lu,
456 3821 491 3885 et
514 3811 677 3909 dirigitur
696 3810 743 3885 ad
764 3813 876 3884 lteum
896 3806 1189 3906 omnipotentem,
1215 3812 1387 3901 tanquam
1411 3801 1460 3876 ad

287 3962 492 4038 supremam
509 3943 671 4017 omnium
688 3967 806 4018 rerum
828 3963 987 4016 oausam.

286 4133 430 4146 *a*

320 4224 329 4257 ¹
353 4221 466 4284 Consol,
481 4222 526 4272 lib.
547 4222 577 4285 V,
599 4236 638 4285 pr.
657 4220 681 4270 l.
699 4220 767 4270 Nam
783 4220 848 4269 nihil
865 4234 895 4269 ex
913 4218 994 4267 nihilo
1011 4217 1122 4268 existere
1138 4230 1200 4266 vera
1215 4215 1340 4266 sestentia
1352 4219 1401 4277 est,
1414 4216 1459 4264 eui

284 4314 362 4350 nemo
375 4316 491 4365 unquam
504 4306 623 4352 aeterum
639 4301 783 4365 refragatus
794 4304 850 4363 est3
872 4311 1030 4363 quamquam
1046 4296 1085 4347 illi
1100 4301 1212 4357 veteres,
1237 4296 1263 4345 id
1275 4308 1328 4344 non
1344 4294 1377 4343 de
1391 4308 1459 4358 ope-

286 4383 359 4429 rante
371 4380 506 4443 principio,
519 4379 565 4429 sed
577 4380 610 4429 de
622 4378 750 4429 materiali
765 4379 892 4441 subjecto,
905 4377 954 4426 hoc
967 4383 1006 4426 est
1021 4375 1140 4426 omnium
1155 4376 1188 4424 de
1205 4379 1298 4424 natura
1313 4374 1458 4435 rationum,

285 4459 358 4520 quasi
369 4460 498 4521 quoddam
511 4459 625 4521 jecerint
636 4459 842 4509 laudamentum.

319 4541 330 4574 ¹
354 4539 483 4604 Consors,
496 4539 542 4593 lib.
555 4540 575 4598 l.
588 4554 611 4592 c.
626 4551 662 4589 vr.
