3240 5468
793 482 991 553 ..200.-

309 689 465 783 Boetius,
491 681 676 761 relativam
698 699 782 754 rero
806 696 884 751 esse
907 669 1195 773 pradicationem
1217 666 1332 743 Patris
1347 663 1371 743 ¹.
1393 665 1483 739 Haec

310 821 464 899 maxima
493 814 614 917 regula
648 820 716 906 cst,
747 809 783 884 in
817 805 925 882 trium
959 824 1193 904 personarum
1224 797 1481 900 appellatione.

308 957 397 1030 llam
417 982 432 1013 «
456 951 494 1027 in
516 950 591 1024 Deo
610 944 717 1022 nullae
739 948 822 1019 sunt
840 935 1049 1014 differentiae
1067 933 1196 1034 quibus
1219 933 1314 1007 Deus
1338 931 1383 1007 ab
1405 931 1484 1007 Deo

309 1087 457 1164 differat.
489 1082 554 1159 Ubi
582 1079 712 1158 absunt
735 1072 958 1169 differentiae,
984 1069 1031 1146 ibi
1059 1069 1159 1145 abest
1184 1065 1391 1168 pluralitas3
1418 1065 1484 1142 ubi

310 1222 410 1296 abest
430 1213 624 1320 pluralitas,
645 1213 745 1288 adest
765 1209 881 1311 unitas
895 1206 919 1281 ².
941 1203 1091 1281 »Ideo«
1116 1203 1231 1298 Pater,
1247 1199 1369 1296 Filius,
1392 1198 1485 1298 Spi-

309 1353 399 1429 ritus
414 1358 569 1444 sanctus,
586 1371 682 1422 uuus
697 1369 769 1421 non
786 1350 858 1418 tres
873 1339 921 1417 dii
937 1335 960 1414 ³.
979 1370 994 1403 ι
1013 1337 1099 1424 Quae
1113 1361 1132 1413 e
1146 1334 1236 1411 libro
1250 1334 1294 1410 de
1306 1334 1486 1410 Triuitute

308 1484 543 1563 exscribimus
560 1482 726 1582 leguntur
741 1479 849 1555 verbo
864 1483 969 1552 tenus
988 1472 1023 1547 in
1040 1470 1175 1547 caeteris
1190 1469 1371 1571 opusculis
1385 1465 1412 1544 ⁴.
1431 1469 1484 1548 Ad

309 1616 573 1694 exactissimam
600 1611 879 1690 christianorum
908 1605 1113 1705 dogmatum
1145 1624 1307 1679 normam
1335 1601 1485 1680 disserit

308 1748 453 1827 Boetius
469 1748 512 1824 de
530 1749 643 1824 l'erbo
665 1745 725 1822 Dei
750 1745 945 1836 incarnato,
968 1763 1030 1839 per
1056 1748 1168 1814 totum
1189 1735 1321 1811 librum
1343 1736 1485 1814 Contra

309 1884 505 1982 Eut-pelea,
527 1887 562 1957 et
582 1878 716 1981 passim
736 1876 773 1951 in
792 1872 911 1949 libello
930 1874 970 1946 de
990 1873 1075 1946 Fide
1097 1870 1269 1947 catholice.
1291 1871 1375 1945 Haec
1400 1878 1485 1946 tan-

309 2021 385 2090 tum
402 2013 533 2091 referre
550 2011 704 2088 sufficiat
720 2043 728 2086 :
750 2039 763 2071 e
786 2009 886 2083 Unus
900 2006 1066 2106 idemque
1081 2012 1116 2079 et
1132 2004 1239 2080 bomo
1254 2003 1434 2104 perfectus
1449 2012 1485 2080 et

316 2180 329 2212 n
362 2147 456 2220 Deus
492 2180 500 2223 :
536 2147 631 2220 lle-us
661 2143 822 2241 quidem,
853 2138 948 2237 quod
979 2136 1024 2211 sit
1056 2161 1098 2212 ex
1133 2136 1248 2212 Patris
1281 2137 1483 2212 substantia

316 2313 331 2344 a
366 2277 521 2378 genitus,
546 2277 652 2352 homo
685 2299 785 2368 aero,
815 2272 911 2372 quod
939 2294 981 2346 er
1013 2269 1124 2345 Maria
1152 2269 1198 2345 sit
1232 2268 1369 2370 virgine
1400 2294 1481 2371 pro·

315 2446 330 2477 a
362 2420 514 2486 creatus.
549 2411 637 2484 ltem
668 2407 727 2507 qui
761 2406 868 2481 homo
897 2406 1002 2501 Deus,
1029 2429 1071 2479 eo
1101 2403 1196 2502 quod
1228 2425 1249 2478 a
1277 2405 1350 2480 Deo
1380 2404 1483 2482 luerit

317 2578 332 2610 υ
364 2551 585 2641 assumptus.
603 2543 645 2613 Et
661 2540 723 2638 qui
740 2541 833 2614 Deus
850 2538 969 2632 homo,
989 2536 1159 2635 quoniam
1175 2536 1324 2658 vestitus
1339 2537 1483 2614 homine

317 2709 332 2741 »
365 2674 421 2769 sit,
457 2696 538 2748 cum
563 2673 598 2746 in
624 2695 692 2748 una
718 2671 915 2769 eadamque
942 2692 1093 2769 persona
1122 2667 1218 2744 aliud
1242 2668 1288 2744 sit
1315 2670 1484 2746 divinitas

316 2833 334 2879 »
366 2830 446 2906 quae
475 2806 640 2905 suscepit,
671 2803 767 2881 aliud
794 2826 902 2904 quam
931 2803 1088 2903 suscepit
1115 2802 1323 2878 humanitas
1351 2835 1360 2882 ε
1388 2803 1485 2881 idem

317 2975 333 3006 n
368 2949 486 3015 tamen
504 2942 598 3014 lleus
614 2948 718 3040 atque
735 2938 842 3012 homo
857 2945 909 3012 est
924 2934 948 3014 ⁵.
966 2967 984 3002 »
1007 2965 1021 2997 «
1041 2936 1111 3011 Nec
1129 2936 1196 3014 aila
1210 2936 1371 3015 rideatur
1386 2939 1488 3038 quod

318 3110 334 3139 »
367 3074 429 3149 Dei
448 3073 561 3148 Filius
577 3098 617 3148 ex
639 3072 778 3170 l'irgine
798 3079 904 3145 natus
925 3078 990 3172 cst,
1014 3069 1184 3169 quoniam
1199 3079 1327 3171 practer
1347 3083 1488 3150 naturae

321 3240 335 3271 υ
370 3205 516 3280 modum
533 3213 726 3303 conceptus
746 3213 780 3278 et
797 3202 911 3278 editus
931 3211 996 3279 est.
1017 3203 1122 3303 Virgo
1144 3203 1267 3304 itaque
1285 3204 1328 3280 de
1348 3204 1488 3304 Spiritu

318 3363 336 3408 a
369 3346 491 3412 sancto
516 3336 736 3411 incarnatum
766 3335 829 3411 Dei
853 3335 982 3410 Filium
1008 3335 1186 3437 concepit,
1211 3335 1307 3436 virgo
1330 3338 1490 3437 peperit,

318 3504 335 3537 »
367 3482 448 3569 post
478 3472 553 3569 ejus
584 3468 775 3545 editionem
812 3471 910 3568 uirgo
943 3468 1151 3569 permansit.
1183 3472 1295 3568 Atque
1327 3470 1490 3547 hominis

320 3637 336 3669 »
367 3602 480 3678 lactus
505 3610 558 3678 est
581 3600 748 3699 idemque
777 3600 839 3676 uei
868 3601 978 3696 filius,
1009 3602 1057 3677 ita
1087 3611 1127 3676 ut
1156 3601 1195 3676 in
1224 3625 1266 3678 eo
1295 3608 1330 3679 et
1357 3601 1492 3686 divinae

320 3769 335 3800 ι
369 3745 507 3811 naturae
534 3733 689 3810 radiaret
717 3733 885 3832 splendor
908 3743 942 3809 et
965 3733 1131 3809 humanae
1153 3734 1352 3834 fragilitatis
1372 3758 1491 3836 appa—

320 3901 337 3932 »
370 3874 461 3941 reret
481 3866 680 3964 assumptio
697 3862 720 3944 ⁶.
746 3896 759 3929 a

349 4162 358 4196 ¹
380 4161 421 4211 Dc
437 4157 762 4223 Trinitate,Peiper,16l.

348 4247 359 4278 ¹
380 4242 462 4302 laid,
475 4241 529 4291 lat.

350 4326 361 4358 ³
381 4324 462 4385 laid,
477 4323 529 4373 151.

348 4406 360 4438 ⁴
386 4402 481 4452 Utrum
497 4402 618 4462 Pater·...‚
631 4403 736 4467 Peiper,
748 4402 802 4464 165,
816 4406 841 4452 et
853 4403 885 4453 de
895 4401 961 4453 arae
974 4402 1059 4463 calla,
1072 4416 1097 4463 p¹
1111 4400 1156 4450 175
1168 4405 1194 4450 et
1210 4399 1265 4451 lta.

350 4483 361 4516 ὅ
383 4481 461 4533 Ceut.
472 4481 548 4541 Eut,
564 4497 590 4546 p.
607 4482 662 4532 Μ.

348 4563 360 4596 ⁶
381 4561 420 4612 De
433 4560 500 4612 Fide
515 4562 600 4622 cato,
614 4576 640 4625 p.
658 4560 713 4614 182.
732 4561 777 4612 His
797 4575 855 4626 quae
873 4562 906 4614 de
927 4561 1130 4613 substantiarum
1150 4563 1342 4626 permutatione
1362 4561 1490 4613 dicuntur
