3240 5468
734 461 907 531 ..89-

229 677 359 732 seusus
374 652 508 754 aliquid
522 661 621 730 astra
636 651 823 729 materiam
834 644 942 747 valet
955 674 1019 729 nec
1032 653 1251 730 universales
1266 640 1421 755 species-⁴

228 787 435 888 imaginatio
448 794 650 863 contuetur.
670 817 685 850 »
1310 790 1312 793 ’

283 919 386 996 Ratio
409 927 463 996 est
486 943 565 1017 quaa
588 917 777 1017 qualitates
802 917 965 993 sensibus
985 919 1141 1017 objectas
1167 921 1413 1018 transcendit·

233 1051 506 1153 «speciemque
538 1050 668 1150 ipsam,
701 1074 782 1149 quaa
812 1049 1051 1150 singularibus
1080 1050 1173 1128 inest
1206 1052 1401 1129 universali

230 1182 511 1260 consideratione
543 1182 767 1282 perpendit¹.
814 1211 829 1244 ν
872 1211 886 1244 «
924 1183 1040 1268 Ouum
1077 1184 1162 1281 quid
1201 1185 1401 1262 universale

229 1315 372 1415 respicit
395 1315 498 1412 ratio,
523 1338 590 1391 nec
614 1314 878 1415 imaginatione,
898 1339 964 1391 nec
983 1314 1150 1392 sensibus
1169 1325 1286 1412 utens,
1306 1317 1401 1394 ima-

228 1448 407 1549 ginabilia,
424 1448 478 1526 vel
495 1446 672 1524 sensibilia
692 1447 1016 1546 comprehendit...
1037 1447 1100 1524 sed
1120 1448 1286 1525 rationali
1310 1473 1401 1527 con-

227 1581 390 1683 ceptione
406 1581 609 1658 considerat
618 1580 643 1655 ⁹.
663 1612 678 1647 ι

280 1715 383 1790 Ratio
413 1715 551 1792 caeteris
574 1716 703 1790 animae
731 1714 899 1814 potentiis
922 1723 1078 1814 praestat,
1100 1716 1183 1814 quia
1205 1740 1276 1792 non
1291 1717 1399 1794 modo

227 1857 354 1946 suapte
369 1857 498 1923 natura
514 1849 697 1946 proprium
714 1846 776 1922 sed
795 1859 1004 1923 caeterarum
1027 1870 1169 1947 quoque
1191 1847 1399 1932 notitiarum

226 1980 387 2079 subjecta
416 1981 606 2079 cognoscit.
637 2009 651 2042 α
680 1980 773 2068 Ouid
796 1979 915 2079 igitur,
936 1980 965 2055 si
984 1979 1247 2056 ratiocinationi
1272 2004 1400 2058 sensus

225 2110 503 2212 imaginatioque
545 2110 785 2211 refragentur,
827 2112 917 2187 nibil
960 2136 1040 2189 esse
1077 2112 1166 2188 illud
1200 2113 1400 2191 universale

226 2243 395 2338 dicentes,
414 2244 512 2344 quod
541 2268 618 2321 sese
637 2245 769 2320 intueri
789 2245 880 2321 ratio
912 2252 1075 2345 putetf...
1102 2249 1227 2322 Nonne
1250 2246 1400 2323 rationis

225 2377 343 2477 potius
375 2399 523 2453 eausam
551 2380 802 2477 probaremus,
832 2378 918 2477 quia
952 2379 996 2455 de
1030 2402 1150 2455 rerum
1185 2378 1396 2478 cognitione,

224 2509 375 2588 firmiori
389 2511 508 2611 potius
523 2511 795 2610 perfectiorique
806 2511 940 2611 judicio
956 2512 1176 2589 credendum
1186 2508 1216 2608 ³3
1231 2545 1245 2580 a
1259 2522 1294 2590 at
1312 2514 1398 2614 quia

221 2641 400 2742 judicium
418 2666 461 2719 ec
486 2643 626 2721 firmius
650 2644 912 2744 perfectiusque
931 2652 985 2721 est
1007 2668 1078 2743 quo
1099 2645 1210 2745 magis
1240 2646 1398 2746 potentia

218 2775 429 2875 judicandi,
464 2777 600 2853 cunctis
639 2801 830 2877 corporum
864 2777 1111 2853 affectionibus
1144 2777 1341 2873 absoluta,v
1360 2778 1398 2854 iu

222 2907 457 2985 discernendo
484 2932 555 2985 non
588 2911 726 3009 objecta
751 2909 970 2986 extrinsecus
994 2909 1166 3008 sequitur,
1188 2908 1252 2985 sed
1276 2922 1398 2987 actum

223 3065 297 3118 suae
311 3043 441 3119 mentis
460 3043 600 3144 expedit
613 3040 637 3122 ⁴.

274 3177 477 3253 Immensus
502 3186 556 3253 est
580 3201 663 3277 ergo
689 3178 857 3254 humanae
888 3179 1036 3256 rationis
1061 3178 1230 3256 ambitus.
1259 3178 1396 3255 Etenim

225 3339 240 3372 «
271 3331 343 3383 non
377 3331 419 3385 ea
447 3317 586 3385 tantum
617 3311 655 3384 in
689 3310 894 3410 cognitione
919 3311 1102 3387 sufiiciunt
1129 3336 1210 3412 quae
1235 3312 1402 3410 subjecta

224 3476 240 3510 a
271 3442 436 3518 sensibus
463 3443 743 3543 comprehendit,
774 3468 896 3520 verum
927 3445 1036 3520 etiam
1065 3452 1100 3521 et
1130 3445 1396 3522 insensibilibus

223 3573 523 3673 »imaginatione
557 3585 749 3674 concepta,
787 3583 822 3649 et
860 3574 1066 3651 absentibus
1100 3578 1208 3651 rebus
1246 3576 1394 3652 nomina

224 3738 238 3770 a
268 3705 392 3781 indere
408 3715 535 3806 potest,
552 3716 587 3781 et
602 3708 695 3804 quod
708 3706 949 3807 intelligentiae
958 3708 1096 3784 ratione
1112 3707 1394 3808 comprehendit,

223 3871 237 3904 »
269 3837 524 3915 vocabulorum
550 3863 691 3939 quoque
719 3839 953 3939 positionibus
978 3841 1105 3941 aperit.
1133 3840 1223 3917 Illud
1250 3864 1394 3941 quoque

222 4009 237 4041 a
269 3970 302 4048 ei
331 3979 468 4047 naturae
496 3972 679 4073 proprium
704 3980 758 4048 est
787 3982 827 4046 ut
851 3997 915 4074 per
943 3995 1089 4073 eaquae
1114 3974 1180 4050 sibi
1201 3981 1286 4050 nota
1310 3980 1393 4048 sunt

252 4311 261 4342 ¹
287 4308 433 4372 consulet,
446 4309 491 4361 lib.
505 4311 535 4373 V,
551 4316 613 4362 rnet.
628 4314 651 4362 l.

250 4391 262 4423 ¹
285 4388 354 4439 ibid.

250 4469 262 4503 ὅ
284 4465 400 4532 Consul„
413 4468 459 4523 lib.
472 4471 501 4534 V,
515 4485 553 4534 pr.
569 4471 595 4522 5.

250 4548 264 4583 ⁴
283 4545 355 4603 Ibid.
