3240 5468
696 442 895 517 -l69-

192 648 197 655 '
261 636 324 712 His
359 635 520 712 barbaris
554 641 589 712 ει
617 634 819 712 indiscretis
849 636 991 712 vocibus
1019 637 1179 712 Boetium
1210 660 1379 744 accusare

207 768 331 867 nititur
342 769 530 866 Obbarius,
547 768 649 868 qnasi
663 769 793 846 divinae
803 770 965 846 essentiae
976 771 1132 870 derogat,
1146 769 1232 845 dnm
1243 771 1288 847 ad
1300 773 1379 870 ejus

208 903 474 1004 simplicitatem
493 904 823 1002 demonstrandam,
841 905 938 982 viam
957 905 1007 981 sic
1028 904 1158 980 dictam
1178 906 1379 982 remotionis

208 1038 1378 1139 senenciasionisingreditur‚acdivinarumpersonarumrelatio-

207 1171 1378 1273 nesCategoriarnmopedesrnit.AudiamusnnncBoetium,inhoc

206 1326 354 1404 prorsus
370 1304 414 1380 de
429 1308 469 1381 S.
490 1306 662 1381 Trinitate
672 1329 780 1382 aureo
791 1305 906 1407 capite
920 1316 983 1403 ΙΨ,
998 1303 1197 1381 mirabilem
1213 1327 1255 1380 ac
1270 1304 1378 1405 plane

205 1436 439 1514 orthodoxam
468 1437 667 1515 doctrinam
692 1439 736 1516 de
762 1441 848 1536 Dec,
875 1464 990 1540 usquc
1022 1439 1067 1515 ad
1100 1438 1226 1514 ultima
1248 1438 1378 1514 saecula

204 1571 489 1666 proclamantem
508 1605 517 1650 ε

262 1731 276 1766 α
307 1705 390 1781 Haec
413 1706 520 1811 igitar
544 1707 683 1804 (decem
712 1707 1002 1808 praedicamenta)
1035 1704 1116 1780 talia
1146 1711 1229 1779 sunt
1257 1703 1377 1802 qualia

205 1837 364 1937 subjecta
393 1840 621 1939 permiserint
654 1875 662 1918 :
695 1865 777 1917 nam
812 1865 895 1941 pars
928 1865 1053 1915 eoram
1085 1840 1122 1914 in
1157 1837 1375 1937 reliquarum

205 1995 324 2047 rerum
359 1975 613 2074 pradicatione
641 1976 837 2052 substantia
868 1984 931 2073 est,
961 1999 1043 2074 pars
1076 1974 1114 2049 in
1139 1969 1376 2048 accidentiam

206 2129 355 2182 numero
371 2117 435 2183 est.
463 2109 506 2184 lt
521 2110 596 2186 haec
612 2134 694 2186 cum
715 2110 793 2210 qais
810 2110 847 2185 in
862 2109 1019 2185 divinam
1040 2106 1184 2184 verterit
1200 2103 1375 2205 praedica·

205 2238 351 2338 tionem,
380 2254 507 2320 concta
532 2253 717 2321 mutantur
741 2269 821 2344 qnae
845 2243 1029 2345 praedicari
1049 2249 1212 2343 possunt.
1233 2234 1289 2314 Aa
1308 2237 1376 2312 ali-

203 2373 285 2472 quta
299 2399 383 2452 vero
405 2359 552 2454 omnino
568 2404 641 2455 non
657 2388 772 2481 potest
788 2377 995 2479 praedicari3
1017 2399 1099 2452 nam
1120 2371 1320 2450 substantia
1338 2370 1374 2444 in

202 2503 264 2587 illo
285 2519 432 2588 nonest
453 2537 535 2589 vere
559 2513 770 2610 substantia,
796 2513 859 2590 sed
882 2513 975 2587 ultra
1004 2508 1264 2599 snbstantiam3
1289 2505 1373 2580 item

202 2645 356 2745 qualitas
372 2653 406 2722 ει
422 2655 548 2723 caetera
563 2673 643 2749 quae
658 2647 778 2725 venire
792 2654 939 2747 queunt.
960 2677 975 2710 a

256 2779 428 2857 Praeclare
442 2782 551 2858 verba
569 2781 627 2859 illa
648 2788 908 2859 commentatus
927 2787 981 2857 est
1002 2781 1035 2854 S.
1057 2776 1276 2868 Bernardus‚
1292 2794 1374 2847 cam

204 2911 324 2990 dicit:
354 2943 369 2975 r
397 2916 474 2990 Non
509 2924 562 2991 εει
589 2914 766 2991 lormatus
794 2916 890 2990 Deus
925 2941 933 2985 ε
968 2912 1085 2988 lorma
1120 2918 1185 2985 est.
1215 2907 1293 3000 Non
1321 2912 1375 2979 est

204 3045 351 3121 affectus
384 3047 489 3143 Deus,
530 3047 668 3125 affectio
706 3056 769 3124 εει.
807 3052 884 3124 Non
921 3057 975 3123 est
1011 3042 1229 3144 compositus
1265 3041 1372 3134 Deus,

203 3203 342 3255 merum
372 3181 519 3281 simplex
550 3191 614 3258 εει.
639 3184 681 3256 Ει
703 3191 743 3257 ut
769 3181 905 3282 liquido
931 3178 1087 3276 noveris,
1113 3175 1196 3276 quid
1225 3171 1372 3272 simplex

202 3313 321 3390 dicam
342 3345 350 3388 :
373 3316 468 3392 idem
489 3316 586 3416 quod
608 3341 728 3393 unum.
755 3320 841 3391 Tam
864 3314 1013 3415 simplex
1034 3316 1127 3388 Dens
1147 3332 1256 3410 quam
1278 3330 1373 3381 nnus

203 3462 267 3525 cst.
289 3451 350 3525 Est
370 3458 490 3526 autem
513 3475 607 3526 unus
626 3459 660 3526 et
680 3451 860 3549 quomodo
879 3447 975 3524 aliud
995 3445 1090 3521 nihil.
1114 3444 1150 3518 Si
1170 3441 1241 3517 dici
1263 3439 1372 3538 possit

202 3581 394 3658 unissimus
414 3591 506 3662 est...
522 3586 598 3659 Non
614 3608 656 3659 ex
672 3592 831 3683 tempore
847 3579 1092 3657 alterationem
1112 3575 1230 3669 habet,
1248 3570 1373 3648 nonin

203 3714 402 3791 substantia
435 3717 659 3796 alteritatem.
693 3718 783 3793 Hinc
810 3717 855 3793 de
888 3740 931 3792 eo
963 3713 1107 3789 Boetius
1141 3743 1150 3786 ι
1181 3709 1257 3783 lloc
1290 3727 1372 3782 vero

202 3872 327 3949 unum,
358 3849 393 3925 in
423 3875 494 3949 quo
523 3852 645 3927 nullas
671 3861 724 3928 est
752 3875 942 3946 numerus,
973 3847 1110 3923 nullum
1137 3846 1175 3920 in
1203 3865 1246 3920 eo
1277 3838 1373 3920 aliud

202 3991 331 4080 praeter
350 3982 384 4059 id
401 3986 498 4084 quod
514 3996 566 4062 est
582 3986 605 4061 ¹.
626 4021 641 4052 a
660 3988 742 4062 llaec
763 3993 884 4062 autern
900 3983 1006 4061 verba
1022 4009 1041 4060 e
1059 3981 1149 4057 libro
1168 3981 1212 4057 de
1227 3981 1267 4055 S.
1292 3980 1370 4055 Tri-

202 4115 310 4192 nitate
324 4119 582 4195 exscribuntur.

256 4250 306 4326 lle
323 4253 485 4351 personis
495 4253 533 4329 in
544 4255 617 4331 [teo
633 4253 740 4330 aliam
756 4254 916 4331 fictitiam
933 4253 1096 4330 haeresim
1112 4250 1242 4349 detegit
1259 4250 1371 4326 Obba-

237 4555 247 4590 ¹
269 4553 309 4606 Dc
321 4554 499 4621 considerat,
514 4557 559 4611 lib.
571 4559 602 4617 V,
615 4573 639 4610 c.
652 4571 697 4612 vu.
