3240 5468
654 437 851 508 -too-

168 641 234 728 est,
260 629 344 730 quia
365 631 441 731 J'am
462 652 536 703 non
561 635 654 704 essct
674 624 890 720 substantia,
909 626 1040 701 nonde
1060 625 1219 725 subjecto
1239 623 1340 701 affir-

169 770 299 858 matur,
329 761 413 860 quia
437 767 491 837 est
518 756 714 855 individua,
741 766 775 834 et
799 779 922 834 revera
946 756 1015 835 dici
1045 757 1170 857 nequit
1195 760 1341 834 Petrum

168 918 248 972 esse
274 892 438 969 Paulum.
467 890 671 968 Substantia
690 893 839 966 occultato
858 890 988 968 dicitur
1010 922 1019 968 ε
1043 915 1122 991 quae
1142 915 1214 968 uon
1233 901 1287 967 est
1304 893 1342 966 ic

169 1028 345 1128 subjectu,
368 1025 430 1102 sed
454 1024 652 1102 affirmatur
678 1026 718 1099 de
743 1023 914 1124 subjecto.
935 1024 1141 1100 Substantia
1158 1023 1275 1124 prima
1290 1033 1343 1102 est

170 1160 276 1261 igitur
313 1159 410 1258 quod
441 1158 686 1259 significamus
719 1164 890 1255 tanquam
920 1156 1119 1234 universale
1142 1158 1343 1257 ptos-siccut,

170 1288 372 1373 substantia
384 1289 847 1388 secundaautemtanquam
861 1289 1342 1391 universalernctoplysicom.

171 1425 250 1499 Jam
279 1423 347 1498 hoc
376 1422 580 1500 universale
608 1422 896 1523 metaphysioum
934 1424 1120 1524 praedicuri
1155 1433 1270 1524 potest
1302 1426 1346 1503 de

173 1554 429 1656 singularibus,
448 1563 485 1631 ut
496 1557 623 1630 Petrus
640 1570 687 1631 est
702 1558 815 1645 homo,
833 1558 970 1633 Pontus
986 1573 1033 1634 est
1050 1560 1158 1637 horno.
1176 1559 1346 1636 llamdem

174 1688 292 1790 specie
310 1695 479 1765 naturam
503 1686 716 1788 participant
743 1691 868 1765 Petrus
896 1696 930 1765 et
949 1689 1097 1786 Paulus,
1117 1692 1175 1764 sed
1193 1712 1346 1765 >tanmem

174 1819 396 1921 differentem.
427 1823 545 1908 Quum
573 1820 681 1919 igitur
710 1817 836 1894 asserit
871 1818 993 1895 Prantl
1021 1819 1186 1895 Boetium
1217 1819 1347 1895 dixisse

179 1988 194 2023 a
226 1954 381 2031 duorum
397 1951 666 2029 individuorum
685 1949 921 2027 differentiam
942 1949 1081 2027 insulis
1102 1951 1347 2028 accidentibus

175 2084 382 2184 consistere,
409 2122 424 2157 ι»
447 2092 481 2162 et
505 2084 625 2186 ipsum
644 2084 737 2162 hanc
757 2108 987 2162 communem
1003 2085 1196 2181 (eamdem)
1209 2085 1350 2161 duobus

176 2224 344 2295 naturam
381 2214 528 2293 traxisse
569 2249 585 2280 «
627 2238 646 2292 e
685 2215 935 2316 neoplatonica
973 2216 1128 2294 schola¹
1162 2251 1177 2286 »
1216 2236 1352 2295 meram

177 2345 399 2424 calumniam
428 2345 590 2445 prolert,
621 2369 705 2423 num
739 2347 939 2426 luculenter
962 2373 1003 2427 ac
1027 2348 1189 2452 repetitis
1216 2349 1351 2425 vicibus

177 2479 329 2581 explicat
350 2479 495 2557 Boetius
512 2488 677 2557 naturam
692 2482 770 2558 fieri
788 2478 1009 2560 individuam
1025 2491 1059 2559 et
1079 2480 1296 2584 singularem
1315 2478 1353 2556 in

177 2613 417 2712 individuis’3
432 2636 472 2690 ao
488 2615 631 2716 quando
647 2615 772 2692 eadem
788 2617 906 2716 specie
922 2641 995 2694 non
1006 2616 1185 2713 differunt,
1202 2630 1353 2692 Numano

180 2756 302 2826 tomen
324 2745 490 2826 differre³
519 2757 656 2825 certum
681 2756 755 2846 est,
780 2772 863 2848 ergo
887 2747 985 2824 nulla
1010 2748 1103 2824 iuter
1127 2770 1169 2823 ea
1193 2747 1354 2822 identitas

180 2888 318 2959 naturae
340 2878 536 2982 intercedit,
562 2907 641 2982 quae
665 2881 933 2981 pantheismum
950 2883 1026 2981 jam
1050 2903 1070 2955 a
1091 2878 1214 2956 Boetio
1230 2879 1356 2979 explo-

181 3009 452 3116 sum⁴saperet

186 3188 333 3204 m

219 3259 229 3296 ¹
338 3259 386 3309 Die
414 3259 552 3310 Annahme
579 3261 638 3310 dass
668 3264 766 3310 erstere
794 3259 968 3323 (substantio,
994 3258 1097 3322 amana)
1122 3258 1184 3308 dem
1210 3256 1358 3308 sinnlichan

181 3335 392 3399 Wahrnchmen,
406 3338 472 3389 alles
484 3340 547 3389 aber
558 3354 592 3388 an
603 3339 645 3389 ihr
656 3338 862 3389 Vorkornmende
876 3339 937 3388 dem
948 3338 1127 3403 iutelligiblen
1141 3337 1245 3400 Zulalle,
1262 3336 1359 3388 erfahrt

182 3417 244 3467 lrier
267 3417 411 3483 gleichtalls
429 3419 480 3468 den
501 3418 737 3482 neuplatonischen
749 3417 911 3482 Ruckschag‚
933 3418 992 3467 dass
1016 3418 1062 3467 der
1083 3416 1257 3468 Unterschied
1278 3415 1359 3466 Zwier

183 3497 339 3549 lndividuen
357 3498 386 3548 in
406 3498 453 3549 das
473 3499 543 3549 bloss
564 3499 742 3548 Accidentelle
762 3499 862 3562 verlegt
877 3497 942 3547 wird
960 3497 1125 3561 (Geschichte
1141 3499 1174 3548 de
1189 3497 1279 3561 docile,
1297 3502 1317 3547 t.
1338 3497 1358 3559 l,

183 3593 211 3643 p.
236 3576 300 3644 685).
325 3579 460 3630 ausuum
479 3584 608 3630 assertum
632 3578 840 3628 confirmandum
860 3577 916 3627 haec
937 3579 1017 3628 verba
1032 3578 1115 3628 Boetii
1131 3578 1228 3641 profert
1244 3578 1333 3627 Prantl
1353 3593 1359 3627 :

187 3678 198 3706 ι
219 3660 353 3720 Quomodo
366 3674 478 3724 cumque
491 3660 563 3710 enim
575 3661 721 3711 Socratesa
737 3659 843 3708 Platone
860 3657 991 3718 distiterit,
1009 3656 1081 3705 nullo
1098 3656 1147 3706 alio
1164 3656 1241 3704 modo
1263 3655 1360 3705 distare

186 3739 221 3790 ab
233 3739 278 3790 illo
290 3739 341 3790 nisi
352 3740 529 3790 accidentibus
547 3746 632 3804 potest
648 3741 690 3806 (Iro
709 3741 844 3804 Porphyr.
858 3755 876 3790 a
892 3755 919 3790 se
932 3746 965 3790 tr.
968 3777 976 3802 ,
990 3739 1087 3804 Migne‚
1101 3743 1121 3790 t.
1134 3739 1219 3802 LXIV,
1233 3738 1284 3788 ccl.
1297 3737 1360 3803 129).

222 3819 233 3850 ¹
255 3815 375 3867 Socrates
386 3817 457 3867 enim
470 3817 566 3867 animal
584 3823 631 3879 est,
649 3818 735 3881 ipsum
751 3818 848 3867 animal
862 3817 892 3867 lit
907 3818 1078 3881 individuum,
1100 3819 1224 3883 quoniam
1242 3819 1362 3870 Socrates

187 3900 229 3948 est
239 3896 387 3946 individuus
397 3901 474 3961 atque
486 3897 665 3961 singularis...
678 3898 762 3948 ittam
776 3899 976 3948 Iturnoattotem
989 3913 1047 3962 quae
1063 3899 1091 3948 in
1108 3899 1213 3950 Socrate
1231 3898 1362 3948 individuo

188 3977 394 4041 consideremus,
408 3977 601 4040 titindiutduc,
617 3979 741 4041 qnoniam
754 3979 874 4030 Socrates
887 3979 941 4042 ipse
957 3978 1105 4030 individuus
1121 3984 1161 4030 est
1177 3983 1255 4043 atque
1271 3979 1362 4043 singu-

189 4059 253 4109 laris
264 4057 355 4123 (Iota,
370 4060 421 4111 eol.
433 4058 483 4124 93).

225 4141 238 4175 ⁸
258 4137 324 4189 Cum
336 4139 408 4188 enim
419 4139 529 4190 dicimus
542 4138 585 4189 hic
597 4140 669 4190 Plato
682 4145 730 4203 est,
743 4141 786 4190 hic
799 4141 928 4205 Socrates,
945 4142 1009 4191 duas
1025 4141 1135 4191 lecimus
1152 4142 1272 4202 unitates,
1293 4155 1324 4189 ac
1342 4140 1364 4188 si

185 4219 273 4283 :digito
283 4223 422 4286 tangamus
435 4221 562 4284 dieentes,
575 4221 617 4271 hic
628 4237 696 4272 unus
715 4227 755 4272 est
768 4224 800 4272 de
822 4223 938 4284 Socrate,
958 4236 1047 4272 rursus
1064 4223 1096 4271 de
1117 4222 1224 4271 Platone
1242 4221 1284 4270 hic
1298 4234 1365 4270 unus

191 4302 241 4361 est,
261 4312 319 4347 non
341 4301 434 4352 eodem
456 4303 549 4352 unitas
570 4303 600 4352 in
620 4303 730 4354 Socrate
751 4315 893 4354 numanam
915 4314 961 4352 usr
979 4315 1039 4365 quoe
1060 4303 1091 4352 in
1112 4301 1255 4353 Platone...
1274 4299 1365 4365 (ibid,

192 4379 242 4430 col.
256 4376 305 4441 96).

226 4462 241 4498 ⁴
330 4482 340 4510 ι
364 4463 402 4512 Ex
419 4476 471 4528 quo
494 4461 523 4513 srt
542 4468 570 4512 ut
586 4462 673 4513 omnia
690 4477 747 4526 quae
766 4468 835 4524 sunt,
853 4462 916 4511 deus
933 4461 984 4511 sint
999 4478 1004 4512 :
1018 4463 1085 4526 quod
1098 4463 1168 4512 dictu
1179 4461 1252 4513 nolas
1263 4467 1303 4513 est
1322 4464 1366 4528 (de

192 4539 423 4605 Hebdomadibus,
436 4543 498 4593 edit.
512 4542 614 4606 Peiper,
628 4557 653 4606 p.
667 4542 731 4606 tlt).
