3240 5468
680 450 857 525 ...05-

184 641 244 744 pla
272 641 311 719 ia
339 641 532 720 catholicas
558 641 727 720 ecclesias
747 644 989 723 consecranda
1012 645 1227 724 decernebat
1249 647 1360 748 prin··

78 820 80 825 ·
134 753 136 757 ⁵
184 797 268 876 ceps
278 772 303 852 ¹.
747 862 749 866 y
1276 799 1279 803 ·
1337 798 1340 803 ’

236 906 301 985 His
332 908 464 987 tustini
498 907 641 1007 edictis,
678 908 918 987 Theudoricus
953 912 1113 1014 seipsum
1149 914 1353 1018 impetitum

184 1041 307 1141 sensit,
331 1041 465 1119 etenim
492 1041 624 1119 arianae
647 1041 864 1119 confessioni
888 1044 1064 1144 addictus,
1082 1055 1120 1122 ut
1139 1048 1354 1126 lrianorum

184 1181 362 1274 protector
384 1175 592 1255 habebatur.
618 1178 707 1252 Cum
726 1183 846 1252 autem
866 1178 1077 1256 exorientis
1095 1181 1354 1283 partibusqui-

184 1305 268 1386 dam
291 1333 334 1386 ex
355 1308 495 1385 Arianis
514 1308 630 1410 legati,
656 1318 780 1386 contra
805 1309 1031 1410 imperatoris
1050 1313 1166 1391 edicta
1180 1313 1352 1392 auxilium

183 1442 425 1544 implorarent,
446 1467 612 1544 cumque,
633 1444 761 1520 litteris
781 1443 875 1521 ultro
893 1445 1055 1545 citroque
1078 1447 1238 1544 redditis,
1254 1449 1353 1527 nulla

179 1577 254 1677 jam
284 1574 452 1654 flectendi
486 1577 617 1654 tustini
650 1578 822 1678 principis
859 1602 941 1679 spes
973 1578 1173 1679 affulgeret,
1208 1581 1355 1659 commi·

180 1716 287 1787 uatus
316 1717 369 1787 est
398 1709 638 1788 Theodericus
669 1735 706 1789 se
736 1710 907 1787 adversus
937 1711 1161 1790 Orthodoxos
1190 1714 1227 1792 in
1252 1713 1353 1794 Italia

181 1843 308 1922 cadam
322 1868 404 1944 quoe
419 1844 455 1920 in
471 1845 616 1923 Oriente
632 1846 650 1918 J
654 1845 794 1922 ustinus
809 1845 982 1922 adversus
998 1844 1146 1922 Arianos
1160 1846 1351 1927 facturum.

181 1975 306 2075 ltaque
333 1975 592 2054 catholicorum
620 1978 754 2080 templa
776 1977 940 2056 incendio
962 1978 1355 2081 delere,llomanisque

182 2133 282 2186 arma
305 2109 482 2211 qualibet,
494 2193 496 2201 J
508 2112 616 2190 etiam
635 2110 820 2191 cultellum
839 2110 1051 2188 interdicere
1067 2109 1208 2211 coepit².
1224 2115 1303 2188 llox
1317 2112 1355 2189 in

181 2241 340 2343 proastio
376 2242 530 2323 civitatis
567 2245 803 2342 Veronensis,
832 2244 888 2322 'ad
926 2242 1124 2341 Fonticlos,
1158 2244 1362 2320 oratorium

182 2375 217 2449 S.
241 2372 398 2453 Silvestri
423 2374 580 2453 subverti
596 2376 703 2475 iussit
713 2372 737 2454 ³.
753 2378 856 2474 Tum,
877 2384 917 2453 ut
930 2376 1082 2476 videtur,
1098 2375 1135 2451 in
1153 2375 1355 2453 custodiam

181 2504 287 2583 datus
311 2515 366 2585 est
395 2505 552 2605 Boetius,
583 2531 625 2587 aa
656 2508 773 2609 Papiae
797 2509 834 2586 in
858 2508 1101 2588 vetustissima
1126 2508 1214 2585 turri
1242 2532 1354 2612 prope

180 2639 431 2747 baptisterium
449 2639 623 2719 inclusus.

233 2774 302 2852 Sed
314 2776 392 2875 jam
406 2775 639 2852 Anastasium
652 2774 960 2854 bibliothecarium
976 2775 1166 2853 audiamus
1183 2803 1191 2850 ε
1208 2809 1224 2842 α
1243 2775 1353 2853 Theo-

178 2907 325 2985 doricus
353 2931 415 2986 rex
437 2907 513 2984 haec
543 2907 715 3006 audiens,
753 2932 882 3010 nempe
908 2907 1040 2983 oblutus
1068 2907 1110 2981 ab
1141 2905 1351 2982 Ariouisto

181 3041 336 3133 Odore,
349 3044 458 3141 jurae
469 3042 606 3118 Jcatini
620 3042 852 3142 imperatoria,
866 3040 1037 3128 ecclesius,
1056 3036 1187 3117 exarsit
1205 3038 1242 3114 iu
1257 3039 1349 3114 iram

178 3184 213 3253 et
236 3183 348 3255 totam
371 3176 515 3253 Italiam
532 3175 644 3256 uoluit
669 3175 788 3276 gladio
806 3175 1023 3276 extinguere.
1041 3173 1174 3252 Eodem
1189 3183 1360 3276 tempore·

179 3308 333 3387 Ioannes
361 3331 458 3410 papa
484 3317 658 3410 aegrotus,
692 3332 876 3408 egressus,
907 3331 991 3385 cum
1020 3307 1105 3384 fletu
1133 3304 1348 3407 ambulavit,

179 3466 331 3544 pergens
348 3442 395 3519 ad
419 3444 547 3520 urbem
570 3440 926 3542 Constantinopolim,
948 3447 982 3516 et
996 3447 1179 3517 senatores
1194 3462 1278 3515 cum
1292 3461 1346 3534 eo,

178 3574 311 3655 scilicet
332 3575 551 3674 Theodorus,
575 3576 806 3676 Importunas
826 3579 860 3648 et
880 3572 1057 3670 Agapetus
1077 3568 1296 3664 exconsules,
1314 3573 1348 3645 et

177 3707 269 3788 alius
301 3712 480 3810 Agapetus
516 3707 703 3809 patricius,
741 3704 956 3805 accipientes
992 3703 1059 3780 hoc
1095 3703 1133 3779 iu
1169 3700 1347 3778 mandatis

175 3838 395 3941 legationum
413 3839 459 3916 ab
476 3840 555 3940 ipso
570 3865 664 3940 rege,
678 3848 719 3916 ut
739 3839 972 3917 redderentur
987 3837 1144 3916 ecclesiae
1159 3835 1347 3924 hereticis,
1464 3947 1467 3950 ῃ

211 4163 223 4200 ¹
241 4164 322 4229 lgttur
333 4168 406 4215 sexto
418 4164 459 4215 sui
470 4164 574 4228 imperii
584 4177 653 4214 anno
665 4163 782 4214 absoluto
794 4163 918 4213 adversus
931 4175 976 4214 eos
986 4162 1140 4227 (haereticos)
1154 4160 1264 4211 minime
1275 4159 1347 4210 exci-

176 4244 252 4311 piens
263 4247 367 4308 Gothos⁸
387 4252 417 4299 ut
436 4252 514 4298 antea
526 4247 619 4297 fecisse
639 4247 761 4309 diximus,
783 4247 945 4311 promulgato
967 4245 1062 4302 edicto,
1079 4241 1189 4292 Arianos
1208 4239 1347 4303 exagitavit

176 4325 352 4378 universos...
381 4328 522 4390 statuitque
536 4333 565 4378 ut
577 4327 673 4390 ubique
687 4341 778 4376 eorum
792 4326 917 4376 ecelesias
928 4323 1056 4375 catholica
1069 4321 1196 4385 religione
1209 4332 1347 4370 cousecra-

175 4410 225 4456 ret.
238 4404 383 4470 (Baronius,
395 4408 428 4457 ad
439 4421 539 4459 anuum
550 4407 606 4469 524,
618 4406 693 4459 Juxta
707 4407 777 4458 Paul.
791 4405 869 4466 diac„
883 4405 1051 4466 Historiae.)

207 4485 222 4519 ⁸
239 4484 370 4550 nonum.
381 4485 464 4536 vales.

210 4565 223 4599 ⁸
239 4561 312 4616 ibid.
