3240 5468
704 447 901 519 -l38-

219 631 354 706 unisset
386 630 545 728 Boetius,
575 657 616 708 ae
647 634 811 709 nonnisi
840 635 1011 712 insidiosa
1040 664 1082 715 ao
1110 643 1301 740 sophistica
1333 646 1389 720 via

218 763 371 839 ethicam
391 764 590 841 doctrinam
614 765 754 843 tradere
776 767 963 866 potuisset.
990 768 1082 843 Nihil
1111 772 1224 871 magis
1246 773 1388 850 veritati

217 899 439 978 adversatur.

249 1128 255 1140 Ι
271 1034 396 1111 Omnis
411 1034 618 1111 mortalium
634 1057 731 1130 cura,
749 1033 797 1108 ait
812 1035 954 1108 Boetius
965 1035 989 1129 ¹,
1005 1057 1116 1132 quam
1134 1036 1388 1137 multiplicium

218 1167 418 1246 studiorum
432 1169 534 1246 labor
552 1176 701 1263 exercet,
718 1167 859 1244 diverso
877 1164 1022 1266 quidem
1035 1164 1122 1241 calle
1137 1168 1311 1266 procedit,
1327 1173 1388 1248 sed

217 1301 264 1376 ad
279 1327 391 1378 unum
407 1310 527 1379 tamen
542 1298 771 1378 beatitudinis
786 1299 896 1375 finem
911 1296 1036 1372 nititur
1050 1297 1272 1398 pervenire...
1290 1302 1390 1378 lnest

217 1433 314 1508 enim
330 1433 509 1509 mentibus
523 1432 709 1510 hominum
724 1431 797 1510 veri
812 1431 895 1508 boni
912 1430 1122 1506 naturaliter
1136 1431 1271 1510 inserta
1287 1435 1391 1535 cupi·

218 1563 322 1640 ditas.
350 1565 419 1640 Sed
445 1566 491 1641 ad
511 1565 601 1642 fnlsa
624 1567 750 1644 devius
772 1590 871 1643 essor
893 1565 1074 1640 abducit...
1097 1572 1180 1640 sunt
1200 1566 1263 1664 qui
1288 1591 1392 1643 sum·

218 1720 317 1773 mum
342 1699 478 1774 bonnm
496 1697 534 1773 in
553 1699 685 1776 divitiis
704 1706 864 1799 possunt,
885 1698 944 1775 nlii
965 1699 1001 1774 in
1021 1699 1158 1800 adeptis
1177 1701 1390 1799 honoribus,

217 1829 275 1906 alii
295 1831 332 1906 in
353 1853 493 1907 summa
513 1833 683 1930 potentia,
709 1830 769 1906 alii
792 1830 830 1904 in
854 1830 966 1929 gloria
988 1830 1144 1906 nominis
1169 1856 1211 1907 ex
1229 1831 1314 1907 belli
1337 1834 1392 1908 vel

217 1965 315 2064 pacis
330 1965 465 2040 artibus
481 1973 595 2063 parta,
613 1964 671 2040 alii
690 1965 726 2040 in
743 1964 871 2064 gaudio
887 1963 1090 2062 laetitiaque,
1111 1964 1170 2038 alii
1185 1964 1336 2041 demum
1353 1966 1391 2042 in

217 2094 411 2196 voluptate.
433 2097 475 2172 ln
495 2095 550 2171 his
570 2095 676 2196 igitur
695 2105 780 2172 sunt
798 2096 944 2194 quidem
963 2096 1068 2191 bona,
1089 2095 1243 2172 sednon
1264 2120 1392 2172 verum

217 2237 252 2306 et
278 2251 461 2345 summum
485 2229 631 2327 bonum,
657 2227 695 2303 id
724 2235 777 2304 est
803 2229 938 2303 bonnm
957 2251 1029 2326 quo
1048 2228 1127 2328 quis
1146 2229 1276 2329 adeptu
1300 2229 1392 2305 nihil

217 2361 368 2438 ulterius
383 2360 585 2438 desiderare
600 2368 718 2459 queat.
733 2360 871 2436 Etenim
887 2360 1017 2437 diuitiae
1033 2368 1183 2460 possunt
1198 2361 1334 2437 auferri
1350 2386 1391 2441 ac

216 2496 304 2572 dum
329 2496 506 2572 habentur
529 2493 720 2569 ostendunt
747 2492 908 2594 inopiam
936 2517 978 2569 ac
1007 2492 1240 2593 indigentiam
1269 2494 1392 2593 possi·

217 2627 345 2706 dentis.
367 2630 528 2704 Honores
548 2649 620 2703 non
636 2626 858 2703 venerandos
872 2626 1017 2724 faciunt,
1034 2627 1095 2702 sed
1112 2627 1270 2703 virtutes.
1288 2627 1391 2703 Idem

216 2761 408 2840 dicendum
431 2761 475 2837 de
497 2783 618 2859 regno,
639 2760 684 2837 de
707 2761 876 2860 potentia,
895 2760 940 2835 de
959 2759 1082 2859 gloria,
1103 2760 1147 2835 de
1170 2759 1279 2834 sama.
1302 2763 1391 2836 Cor-

219 2895 315 2996 poris
329 2896 529 2996 volnptates
546 2932 563 2966 «
580 2894 713 2970 feriunt
731 2895 839 2971 corda
860 2918 992 2972 morsu.
1015 2929 1031 2962 »
1055 2897 1145 2993 Ergo
1164 2893 1256 2970 falsa
1276 2895 1314 2970 in
1334 2895 1390 2971 his

217 3029 384 3104 omnibus
403 3028 634 3105 beatitudinis
650 3025 798 3128 species,
815 3026 975 3126 quinimo
990 3026 1131 3104 dolores
1147 3050 1188 3102 ao
1204 3025 1388 3105 molestiae.

271 3161 520 3237 [reflectendus
535 3168 589 3237 est
603 3160 709 3260 igitur
725 3159 854 3235 mentis
869 3159 1018 3236 intuitus
1033 3159 1070 3236 iu
1085 3159 1121 3233 id
1140 3160 1275 3234 bonum
1292 3159 1389 3258 quod

218 3316 510 3394 unumquemque
529 3299 693 3367 nostrum
714 3291 961 3387 sufficientem,
983 3299 1176 3391 potentem,
1198 3290 1387 3387 celebrem,

219 3428 425 3526 verendum,
446 3426 639 3526 laetumque
662 3425 837 3528 perficiat.
859 3427 900 3502 ld
924 3435 1044 3502 autem
1068 3427 1216 3521 bonum,
1238 3449 1303 3502 seu
1323 3425 1390 3501 iste

217 3562 299 3640 fons
322 3560 501 3637 bonorum
524 3559 621 3636 solus
645 3562 739 3636 Dens
763 3568 827 3637 est.
849 3563 930 3660 lpse
950 3582 1015 3636 nos
1040 3561 1163 3635 beatos
1181 3556 1279 3655 facit,
1303 3557 1390 3657 quia

217 3703 271 3774 est
284 3695 364 3797 ipsa
378 3695 579 3772 substant-ia
592 3693 834 3773 beatitudinis.

271 3830 347 3916 Qua
367 3837 487 3909 autem
503 3830 560 3907 via
575 3829 620 3906 ud
636 3830 738 3904 illurn
756 3851 938 3905 summum
959 3827 1095 3903 bonum
1115 3825 1262 3902 tendere
1280 3824 1391 3902 licet?

218 4005 269 4021 -··
293 3963 445 4040 Omnem
471 3987 590 4039 rerum
612 3944 818 4038 mortalium
841 3958 1048 4059 cupidinem
1072 3957 1117 4036 de
1141 3956 1252 4034 nostri
1276 3957 1390 4033 animi

218 4097 301 4174 sede
329 4095 545 4197 pellendum,
571 4120 613 4172 ao
633 4095 791 4195 qnotidie
810 4093 1081 4196 pythagoricum
1104 4091 1192 4189 illud
1218 4103 1308 4164 :tan
1323 4104 1387 4172 θεόν,

219 4229 378 4305 moribus
391 4238 426 4306 et
442 4230 512 4307 vita
529 4228 802 4329 praelerendum.

1048 4438 1390 4450 --—--—---.-.-...

253 4553 263 4589 ¹
286 4551 373 4613 ncnc,
387 4551 432 4610 111.
443 4566 483 4616 pr.
495 4551 511 4602 2
522 4556 549 4602 et
560 4565 618 4615 seq.
