3240 5468
715 401 914 480 —195-

230 610 342 692 quam
371 623 389 660 o
413 617 598 671 summum
621 594 782 669 solamen
810 589 1040 669 animorum¹
1068 631 1083 665 »
1110 602 1214 670 vocat
1241 592 1398 694 Boetius,

229 725 352 802 didicit
372 725 409 802 iu
429 725 588 802 moribus
611 725 884 826 temperantiam
904 725 942 800 in
961 726 1120 803 adversis
1140 724 1399 803 fortitudinem.

229 861 309 935 Nou
327 866 454 969 tamen
478 858 705 960 philosophia
730 857 854 935 Boetia
878 867 917 934 ut
946 882 1071 936 verum
1091 858 1215 935 lumen
1238 858 1398 959 adparet,

229 992 292 1068 sed
308 1001 347 1068 ul
365 1025 381 1056 α
403 990 533 1091 praevia
547 989 695 1069 luminis
709 986 826 1085 ueri²;
850 1023 865 1056 ¹>
893 1015 966 1068 uon
982 992 1080 1068 enim
1094 1000 1147 1069 est
1161 991 1313 1092 sibiipsi
1327 990 1398 1067 dux

228 1132 264 1200 et
289 1123 519 1224 imperatrix,
553 1123 615 1200 sed
639 1122 745 1200 habet
772 1157 788 1190 u
816 1123 945 1200 ducem
968 1147 1048 1223 quae
1072 1125 1193 1227 copias
1216 1125 1253 1202 iu
1278 1138 1398 1201 arcem

227 1254 429 1333 contrahit³
450 1288 465 1321 »
488 1255 788 1355 collemundum,
809 1288 823 1321 α
847 1280 919 1357 quo
939 1257 1116 1356 grassanti
1136 1257 1295 1334 stultitiae
1310 1257 1398 1333 ads-

227 1388 345 1488 pirare
371 1389 428 1466 fas
444 1413 526 1466 non
557 1386 634 1470 sit⁴.
668 1425 682 1457 ι)
709 1392 843 1468 Praesto
869 1398 923 1467 est
951 1392 1046 1468 euim
1071 1391 1244 1467 auxilium
1268 1389 1398 1466 divinae

226 1521 371 1618 gratiae⁵
389 1523 420 1599 si
440 1547 522 1623 spes
543 1519 760 1623 precesque⁶
777 1522 814 1598 iu
839 1523 912 1600 Deo
937 1523 1118 1624 ponimus,
1138 1548 1222 1624 quae
1241 1557 1257 1591 r
1275 1521 1398 1600 ineffi-

225 1650 352 1731 oaces⁷
384 1685 399 1717 r
432 1678 510 1732 esse
539 1676 609 1729 non
639 1661 799 1753 possunt.
831 1651 922 1755 Ergo
950 1683 965 1717 α
991 1653 1215 1733 adversando
1243 1653 1329 1733 vitia
1356 1677 1398 1731 ae

226 1787 375 1865 colendo
393 1787 553 1883 virtutes,
570 1809 700 1885 magna
720 1795 773 1863 est
793 1787 895 1863 nobis
915 1788 1109 1865 necessitas
1123 1787 1256 1865 indicta
1270 1787 1396 1889 probi·

226 1920 321 2017 tatis,
340 1945 422 1998 oum
441 1928 524 1998 ante
544 1918 665 1996 oculos
685 1918 824 2019 agimus
841 1918 972 2020 judicis
992 1929 1121 1998 cuncta
1140 1920 1317 1999 cernentis
1326 1917 1351 2001 ⁸.
1376 1954 1393 1988 »ι

225 2051 330 2131 Illum
364 2056 481 2155 ipsum
514 2049 698 2150 cernere⁹‚
730 2053 824 2129 huno
846 2044 1129 2154 'contemplariw
1147 2063 1201 2131 est
1234 2054 1396 2133 omnium

225 2185 410 2264 nominum
428 2187 512 2264 finis
528 2186 686 2282 ultimus,
703 2208 847 2262 summa
859 2186 1054 2265 beatitudo.

278 2322 460 2424 Leguntur
487 2322 624 2424 passim
646 2322 683 2398 in
713 2315 954 2398 Consolatione
975 2322 1084 2398 verba
1111 2344 1194 2398 cum
1218 2323 1395 2424 expressis

225 2458 410 2559 scripturae
431 2480 540 2534 sacrae
558 2456 675 2533 verbis
695 2454 939 2532 consonantia.
964 2484 979 2518 r
1003 2457 1064 2530 Est
1082 2453 1189 2554 igitur
1208 2478 1394 2532 summum

226 2594 365 2668 Bonum
385 2592 483 2692 quod
502 2590 592 2691 regit
609 2596 736 2666 cuncta
754 2588 893 2666 fortiter
911 2586 1141 2688 suaviterque
1155 2587 1315 2689 disponit
1324 2585 1390 2666 ¹⁴.»

228 2760 243 2792 α
269 2727 369 2802 Esset
392 2724 524 2801 infiniti
552 2723 746 2824 stuporis...
773 2722 804 2798 si
827 2721 865 2798 iu
888 2722 977 2799 tanti
1001 2723 1097 2799 velut
1119 2720 1393 2800 Patrisfamilias

223 3026 360 3076 veritatem
380 3038 496 3088 sparsam
516 3038 564 3088 per
582 3023 707 3087 singulos,
726 3035 773 3084 per
792 3025 927 3083 sectasque
943 3019 1062 3070 diffusam
1079 3021 1254 3086 colligeretin
1265 3039 1349 3075 unum
1361 3038 1392 3075 ac

222 3105 356 3170 redigeret
367 3107 394 3154 in
406 3119 508 3168 corpuS,
519 3104 542 3154 is
552 3104 665 3168 prolecto
676 3118 730 3153 non
741 3103 890 3153 dissentiret
901 3118 916 3153 a
927 3103 1010 3153 nobis.
1024 3103 1076 3154 Sed
1088 3103 1138 3152 hoc
1151 3117 1230 3153 nemo
1242 3103 1327 3163 iacere
1341 3103 1393 3154 nisi

223 3181 279 3232 veri
290 3181 390 3246 peritus
401 3194 432 3230 ac
443 3183 530 3232 sciens
541 3187 625 3247 potest
637 3199 643 3233 :
656 3197 748 3233 verum
759 3187 848 3232 autem
859 3196 912 3232 non
923 3182 975 3232 uisi
987 3181 1044 3245 ejus
1056 3183 1123 3233 scire
1137 3187 1177 3234 est
1190 3183 1235 3245 qui
1248 3182 1282 3233 sit
1302 3182 1392 3234 doetus

221 3278 237 3312 a
250 3260 304 3312 Deo
315 3252 418 3327 (Dicin.
428 3261 531 3326 Instlt„
543 3262 599 3324 Vll,
613 3263 644 3327 l).

256 3344 266 3378 ¹
290 3342 406 3403 Consul,
417 3341 461 3403 111,
473 3357 512 3406 pr.
527 3343 551 3392 1.

256 3423 268 3456 ¹
289 3421 311 3473 0
323 3421 504 3488 (philosophia)
515 3437 571 3473 verr
580 3435 674 3487 praevia
685 3423 823 3473 lumrnrs...
836 3421 934 3486 (cone,
949 3421 991 3482 lv,
1006 3436 1046 3485 pr.
1064 3423 1096 3486 1).

257 3504 269 3537 ³
290 3501 405 3562 Consol„
420 3502 441 3565 I,
454 3517 493 3566 pr.
505 3501 530 3553 3.
1097 3525 1099 3529 <
1161 3506 1165 3517 ·

255 3584 268 3618 ⁴
288 3582 359 3634 ibid.

256 3665 268 3697 ¹
288 3663 316 3714 Si
327 3663 434 3727 quidem
442 3662 520 3726 justae
532 3661 687 3715 humilitatis
700 3662 784 3729 pretio
796 3663 1006 3716 inaestimbilem
1018 3661 1104 3712 vicem
1115 3663 1209 3725 divine
1220 3666 1311 3729 gratim
1330 3679 1392 3730 pro-

221 3757 356 3794 meremur
369 3743 494 3807 (Coasod,
507 3744 537 3805 v,
550 3758 589 3808 pr.
603 3743 635 3808 3).

254 3843 267 3878 ¹
288 3842 338 3902 Qui
349 3843 419 3893 solus
430 3843 522 3893 modus
537 3847 639 3906 estque
659 3856 719 3892 cum
730 3840 785 3892 Deo
799 3842 911 3907 colloqui
924 3841 1045 3892 homines
1056 3855 1133 3905 posse
1145 3842 1289 3905 videantur,
1302 3842 1392 3908 illique

221 3921 424 3974 inaccessaeluci
439 3924 590 3988 priusquam
606 3923 748 3986 impetrent
765 3922 820 3987 ipsa
842 3921 1004 3987 supplicandi
1026 3920 1127 3972 ratione
1149 3923 1272 3988 conjungi
1292 3923 1392 3988 (Cone,

220 4003 250 4065 V,
263 4018 302 4067 pr.
320 4003 354 4066 3).

255 4085 266 4116 ⁷
288 4078 405 4147 Consul,
416 4084 446 4146 V,
463 4098 502 4148 pr.
519 4085 542 4134 6.

253 4164 266 4198 ⁸
286 4163 357 4215 Ibld.

253 4240 266 4274 ⁹
288 4240 403 4306 Consol,
415 4243 458 4302 lIl,
472 4246 537 4293 met.
549 4242 573 4292 9.

254 4319 284 4353 ¹⁰
296 4318 438 4384 Solemque
451 4335 508 4371 esse
519 4319 657 4385 praemium
668 4319 846 4382 beatitudinis
859 4320 1043 4384 contemplatio
1056 4323 1180 4375 creatoris
1189 4329 1261 4377 toute
1268 4327 1392 4379 duntaxat

220 4411 271 4460 qua
283 4402 312 4448 ut
325 4405 451 4450 creatrmae
463 4401 495 4450 ad
508 4405 653 4453 creatorem
664 4403 723 4452 fieri
733 4406 817 4466 potest
831 4403 873 4467 (de
884 4402 952 4452 Fide
963 4403 1047 4463 cath„
1062 4402 1166 4467 Peiper,
1179 4405 1241 4469 185).

254 4478 282 4512 ¹¹
304 4478 419 4542 consae,
432 4482 471 4543 lll,
484 4497 523 4545 pr.
539 4482 578 4534 11.
593 4482 629 4535 Ct.
643 4482 775 4546 sapient„
789 4483 855 4545 Vlll,
870 4483 895 4532 1.
