3278 5474
721 422 920 493 -lltl-

263 667 265 671 >
290 617 393 706 Quod
419 615 699 692 substantiarum
725 612 1046 690 considerationem
1071 612 1221 711 logicam
1246 634 1267 687 a
1296 622 1410 691 meta·

236 749 383 849 physica
407 748 513 850 plane
537 746 743 825 discreverit
766 745 908 823 Boetius
933 744 1025 821 nulli
1052 744 1214 820 dubitare
1239 745 1321 822 licet
1345 745 1408 845 qui

236 883 420 980 sequentia
437 880 634 982 perlegerit.
648 879 809 956 Dictante
820 879 968 978 bogica:
986 907 1004 944 o
1021 879 1312 955 Substantiarum
1329 878 1410 954 aliae

235 1023 317 1087 sunt
334 1010 562 1108 universales,
579 1009 656 1087 aliae
670 1008 913 1110 particulares
927 1009 1150 1087 Universales
1166 1020 1249 1085 sunt
1263 1033 1346 1108 quae
1364 1010 1410 1085 de

237 1147 384 1246 singulis
413 1145 671 1247 praedicantur,
702 1151 742 1219 ut
770 1140 893 1237 homo,
929 1140 1079 1238 animal,
1108 1140 1215 1240 lapis,
1249 1139 1408 1240 lignum,

236 1292 431 1381 caeteraque
455 1277 658 1380 hujusmodi
682 1300 762 1377 quae
779 1273 831 1351 vel
855 1298 997 1374 genera,
1029 1273 1082 1350 vel
1106 1271 1243 1372 species
1273 1281 1407 1352 sunt...

238 1410 467 1488 Particularia
488 1434 572 1487 vero
591 1418 674 1486 sunt
697 1432 776 1508 quae
800 1407 845 1484 de
869 1406 947 1483 aliis
967 1405 1114 1483 minime
1136 1403 1406 1505 praedicantur:

236 1556 275 1620 ut
295 1545 427 1643 dicero,
455 1546 564 1644 Plato,
588 1545 681 1646 lapis
700 1541 769 1639 hic,
796 1540 891 1618 unde
914 1541 990 1619 haec
1010 1541 1155 1618 Achillis
1175 1548 1292 1618 statua
1312 1539 1408 1616 facta

235 1673 348 1754 est¹...
377 1711 391 1744 r
419 1680 460 1753 In
483 1675 765 1754 consideratione
781 1685 903 1754 autem
923 1676 1176 1779 metaphysica,
1199 1675 1408 1751 substantiae

237 1851 253 1884 a
284 1813 362 1889 aliae
379 1820 462 1889 sunt
479 1836 671 1913 corporeae,
689 1812 767 1888 aliae
785 1811 1013 1911 incorporeae.
1037 1810 1299 1908 Corporearum
1319 1830 1409 1885 rero

234 1946 311 2023 aliae
326 1957 408 2023 sunt
423 1948 594 2043 virentes,
612 1947 689 2023 aliae
707 1947 866 2024 minime.
883 1946 1087 2022 Viventium
1104 1943 1183 2019 aliae
1198 1949 1281 2019 sunt
1297 1943 1408 2019 sensi·

233 2079 334 2173 biles,
355 2078 434 2154 aliae
456 2078 623 2174 minime3
643 2079 866 2156 sensibilium
887 2077 965 2155 aliae
985 2076 1189 2174 rationales,
1211 2077 1288 2153 aliae
1304 2077 1406 2153 inra-

233 2209 394 2295 tionales.
410 2210 648 2288 Rationalium
662 2235 747 2289 vero
762 2211 830 2288 alia
844 2221 897 2287 est
907 2210 1142 2288 immutabilis
1152 2218 1260 2310 atque
1272 2210 1407 2311 impas-

234 2339 345 2415 sibilis
370 2363 433 2438 per
449 2351 617 2417 naturam
636 2353 675 2417 ut
696 2344 802 2439 Deus,
825 2341 894 2419 alia
911 2367 975 2443 per
989 2344 1205 2420 creationem
1223 2343 1406 2418 mutabilis

233 2479 342 2570 atque
373 2472 567 2572 passibilis,
605 2473 673 2549 nisi
706 2473 939 2574 impassibilis
972 2475 1085 2574 gratia
1117 2473 1407 2549 substantiae'ad

233 2602 527 2702 impassibilitatis
559 2606 818 2682 firmitudinem
851 2615 1092 2706 permutetur,
1125 2612 1164 2681 ut
1196 2604 1406 2705 angelorum

233 2747 340 2838 atque
355 2739 484 2816 animae
502 2741 719 2819 rationalis³.
736 2772 751 2805 r

286 2871 336 2948 lle
354 2871 490 2948 caeteris
506 2873 791 2972 predicamentis
811 2875 952 2951 abunde
972 2870 1115 2949 disserit
1135 2869 1292 2966 Boetius,
1314 2868 1403 2968 quin

232 2999 299 3100 ipsi
323 3000 359 3075 in
384 3001 625 3100 suspicionem
643 3004 764 3079 veniat
788 3029 825 3080 se
848 3028 995 3103 operam
1019 3001 1182 3101 perdere,
1209 2998 1405 3075 maximam

231 3156 249 3206 e
274 3142 398 3208 contra
423 3159 463 3209 ex
490 3135 556 3210 hac
581 3136 812 3234 inquisitione
837 3137 1026 3212 utilitatem
1042 3160 1203 3235 sperans,
1225 3133 1404 3233 imprimis

230 3266 318 3340 dum
333 3275 469 3341 naturae
484 3267 612 3342 divina
629 3267 671 3341 fit
690 3268 1052 3369 praedicamentorum
1068 3266 1259 3367 applicatio
1268 3265 1291 3344 ὅ.

264 3570 274 3602 ¹
298 3567 395 3621 Contra
408 3568 552 3632 Eutychen
562 3575 589 3619 et
599 3569 686 3632 Nost,
698 3569 794 3634 Migne,
809 3573 829 3620 t.
842 3569 927 3632 LXIV,
940 3568 990 3619 col.
1006 3569 1074 3621 teta.

264 3651 275 3682 2
333 3649 338 3658 ·
355 3683 358 3689 ,

264 3731 275 3763 ³
296 3647 373 3776 {ibin
388 3728 421 3778 de
435 3728 577 3788 Trinitate,
589 3729 694 3790 passim.
706 3728 765 3778 Non
776 3728 820 3778 hic
836 3728 1087 3791 praetermittendam
1105 3741 1161 3776 esse
1178 3741 1316 3777 censemus
1334 3741 1402 3792 quo-

226 3808 349 3861 rumdam
361 3807 568 3857 Cartesianorum
580 3809 793 3872 philosophorum
804 3809 950 3859 affectatam
961 3812 1051 3860 contra
1062 3807 1328 3858 Praedicamentorum
1337 3811 1402 3859 doc-

230 3883 325 3932 trinam
340 3883 469 3933 cautelam
483 3901 489 3932 ε

263 3979 273 4008 a
291 3963 362 4022 Vella
383 3963 422 4012 les
440 3963 483 4012 dix
504 3965 648 4028 categories
666 3965 814 4027 d'llristote,
832 3967 894 4016 dont
910 3981 944 4016 on
960 3967 1006 4016 tait
1018 3973 1075 4017 tant
1087 3969 1120 4017 de
1134 3969 1269 4031 mystereS,
1281 3967 1404 4031 quoiqu'a

230 4041 285 4090 dire
299 4043 324 4090 le
336 4041 400 4102 vrai,
414 4055 444 4090 ce
457 4042 506 4091 soit
519 4057 572 4092 une
584 4043 663 4092 chose
675 4044 706 4093 de
720 4045 758 4093 soi
775 4046 897 4109 tres-peu
913 4047 985 4109 utile,
1003 4047 1047 4109 qui
1063 4047 1278 4096 non-seulement
1296 4060 1328 4095 ne
1348 4054 1404 4097 sert

229 4121 308 4184 gnere
321 4121 336 4171 a
348 4121 444 4171 tormer
457 4122 482 4170 le
496 4121 641 4186 jugement,
652 4138 682 4173 ce
696 4124 741 4187 qui
755 4129 794 4174 est
806 4125 831 4174 le
843 4125 889 4174 but
901 4126 933 4175 de
945 4127 971 4176 la
982 4126 1052 4175 vraie
1066 4126 1181 4189 legique,
1195 4125 1261 4174 mais
1277 4126 1321 4188 qui
1339 4141 1404 4176 sou-

229 4206 290 4251 vent
301 4218 315 4266 y
328 4202 385 4252 nuit
398 4203 530 4266 beaucoup
544 4217 609 4266 pour
621 4205 689 4253 deux
702 4205 803 4254 raisons
815 4206 877 4268 qu'il
890 4211 930 4256 est
944 4206 1088 4269 important
1101 4206 1133 4254 de
1148 4205 1208 4256 bien
1219 4219 1350 4268 marquer.
1367 4205 1403 4255 La

229 4283 368 4345 premiere,
388 4283 451 4332 c'est
470 4283 548 4346 qu’on
569 4285 677 4348 regende
696 4298 740 4334 ces
762 4285 906 4349 categories
926 4299 1028 4334 comme
1046 4299 1098 4334 une
1115 4284 1193 4335 chose
1210 4285 1301 4344 etablle
1317 4299 1364 4334 sur
1378 4286 1402 4335 la

229 4363 314 4411 raison
327 4367 353 4411 et
364 4377 408 4412 sur
423 4363 447 4411 la
460 4363 552 4425 verite,
567 4377 600 4411 au
611 4364 664 4412 lieu
676 4378 728 4426 que
740 4365 803 4414 c’est
816 4379 866 4414 une
879 4365 957 4414 chose
973 4370 1029 4414 tout
1046 4364 1192 4427 arbitraire,
1208 4371 1234 4414 et
1246 4366 1293 4428 qut
1309 4365 1352 4413 n'a
1368 4365 1402 4413 de

229 4441 379 4492 tondement
400 4457 451 4504 que
471 4443 536 4492 dans
556 4443 742 4508 l’imagination
759 4445 820 4492 d'un
837 4444 943 4494 homme
960 4446 1008 4507 qut
1023 4445 1066 4492 n'a
1082 4458 1114 4493 eu
1131 4458 1232 4493 aucune
1245 4443 1356 4494 autorite
1368 4444 1401 4492 de

227 4513 356 4585 'prescrire
371 4537 421 4571 une
438 4522 473 4571 loi
490 4537 538 4572 aux
560 4528 656 4585 autres,
674 4524 721 4585 qut
738 4527 783 4572 ont
803 4529 892 4586 autaut
908 4525 940 4586 de
955 4523 1023 4573 droit
1039 4537 1090 4587 que
1103 4523 1141 4574 lui
1156 4525 1306 4589 d'arranger
1322 4524 1400 4573 d²une
