3240 5468
707 452 907 527 -las-

276 652 354 726 Hoc
371 650 414 723 l).
433 648 469 723 C.
487 645 657 723 Jourdain
668 646 866 744 inventum,
877 680 893 712 e
909 647 1106 749 speciosam
1118 651 1359 748 conjecturam
1374 683 1390 716 r·

222 782 447 882 indulgenter
472 780 626 856 nimium
651 787 751 856 vocat
773 780 913 881 Peiper,
944 804 1010 856 nos
1034 804 1115 858 vero
1141 783 1332 881 gratuitam
1353 807 1394 859 ac

222 917 329 994 docto
343 915 420 992 rico
437 939 509 990 uun
526 914 613 989 satis
627 914 782 1013 diguam.

279 1053 442 1138 Quonam
465 1049 560 1126 enim
580 1047 815 1124 fundamento
834 1049 1008 1126 innitatur
1026 1051 1092 1127 ista
1109 1053 1150 1126 D.
1168 1055 1201 1132 C,
1220 1052 1415 1152 luurdain*

223 1184 436 1286 hypothesis
450 1183 681 1286 inspiciamus
700 1212 707 1256 :

279 1322 429 1395 Numam
453 1318 617 1409 Boethus,
643 1316 761 1414 aiunt,
787 1343 870 1394 cum
893 1319 1015 1396 Boetia
1039 1329 1278 1420 permutatum
1317 1322 1393 1402 fuit.

223 1499 277 1510 -
303 1453 345 1526 m
369 1474 486 1550 neque
510 1450 548 1525 iu
572 1449 816 1526 monumentis
839 1449 1029 1552 diptychis,
1054 1476 1171 1551 neque
1194 1453 1231 1528 in
1255 1429 1396 1554 scriptis

225 1590 334 1688 hujus
355 1585 565 1662 mutatio‘nis
584 1585 769 1685 vestigium
790 1591 948 1685 apparet.
970 1585 1133 1658 Boeotum
1152 1582 1302 1660 laudant
1322 1586 1397 1658 En-

225 1721 366 1817 uudius,
391 1719 634 1815 Cassiodorus,
660 1719 818 1795 Isidorus
844 1716 1074 1817 Hispalensis,
1096 1716 1277 1814 dlcuinus,
1299 1719 1397 1793 rluo-

227 1878 357 1954 nymus
383 1853 603 1952 Valesianus,
626 1852 819 1951 Procopius
839 1859 873 1926 et
892 1849 962 1926 alii.
989 1847 1222 1924 Vetustissimi
1244 1848 1396 1944 codices,

229 1985 457 2064 llinsidlensis
473 1995 507 2062 et
522 1987 594 2062 deo
614 1989 823 2083 Beruenses,
841 2009 932 2084 quos
948 1984 1015 2084 ipsi
1032 1983 1266 2085 inspeximus,
1282 1984 1399 2059 Boetii

226 2144 359 2198 nomen
383 2120 555 2197 referunt.
582 2120 674 2207 Quin
704 2126 738 2195 et
765 2120 842 2219 ipse
872 2120 1079 2217 anonymus
1112 2115 1307 2192 Ticinensis
1338 2117 1397 2215 qui

228 2257 359 2333 saeculo
381 2266 463 2331 ΧΙΙΙο
487 2256 530 2330 de
556 2254 721 2330 laudibus
742 2253 859 2355 Papiae
883 2250 1032 2328 civitatis
1053 2275 1126 2325 suae
1146 2249 1298 2350 scripsit,
1323 2248 1400 2325 haec

228 2393 362 2470 habet:
389 2419 403 2452 «
426 2393 469 2464 Et
488 2389 526 2464 in
547 2389 613 2466 hae
632 2391 719 2465 urhe
741 2389 819 2487 ipsa
839 2385 984 2463 Boetius
1004 2385 1201 2460 trucidatus
1220 2382 1398 2478 occubuit,

229 2526 322 2601 siout
359 2532 457 2624 patet
499 2523 534 2598 in
572 2523 732 2599 versibus
766 2524 843 2620 ejus
877 2518 1013 2596 tumulo
1046 2518 1227 2618 inscriptis
1259 2517 1321 2616 qui
1351 2516 1400 2591 sic

229 2656 411 2734 sonant¹:

351 2905 412 2968 Hoc
427 2907 457 2966 in
472 2906 622 2985 sarcofago
634 2907 713 2986 jacet
727 2925 795 2968 ecce
809 2905 928 2968 Boetius
942 2917 1021 2969 arcto

411 3012 532 3092 llagnus
547 3022 576 3074 et
590 3012 759 3074 omnimodo
775 3012 1008 3092 magnificandus
1023 3014 1149 3074 homo...
1167 3022 1226 3075 ele.

287 3250 396 3327 Aliter
425 3249 572 3349 quidem
596 3249 664 3325 lul.
691 3250 884 3327 Martianus
915 3251 1005 3325 Rota
1033 3251 1096 3350 qui
1123 3249 1403 3326 Consolatioucm

233 3385 353 3481 edidit,
371 3408 465 3460 anno
486 3378 601 3480 1570,
624 3384 689 3461 hos
706 3409 831 3462 versus
852 3384 1050 3483 descriptos
1069 3384 1177 3459 refert
1197 3384 1233 3459 in
1253 3383 1404 3484 epistola

234 3517 522 3619 nuncupatoria:
541 3517 808 3612 Circumfertur,
830 3517 890 3614 ait,
911 3526 945 3592 et
964 3515 1063 3591 aliud
1084 3515 1236 3615 elogium
1262 3520 1405 3616 (praeter

234 3652 323 3728 illud
349 3651 507 3728 Gerherti
532 3684 540 3728 :
566 3654 679 3726 Romu
696 3665 829 3750 putens,
856 3653 951 3744 etc),
976 3673 1048 3748 qno
1072 3649 1302 3749 sepulchrum
1328 3651 1404 3748 ejus

235 3786 472 3862 exornabatur
498 3795 735 3887 anteaquam
759 3784 829 3860 illis
853 3808 873 3859 a
897 3782 1142 3884 luithprando
1170 3780 1405 3883 Langobardo

234 3945 317 4020 rege
332 3920 563 3997 collocaretur
579 3954 588 3998 ε

236 4247 314 4307 autel,
337 4261 371 4295 en
390 4245 527 4295 l'honneur
540 4246 601 4294 d'un
618 4258 780 4308 personnage
795 4244 895 4293 illustre
906 4257 966 4292 sans
977 4244 1064 4303 doute,
1079 4242 1145 4291 mais
1157 4243 1202 4305 qui
1215 4256 1250 4291 ne
1264 4257 1292 4292 sc
1305 4256 1405 4292 recum·

236 4329 351 4378 manduit
371 4327 505 4390 jusque-ld
525 4342 575 4389 que
591 4342 636 4390 par
647 4329 694 4377 des
709 4327 782 4376 titres
795 4331 933 4389 peremant
952 4325 1091 4390 profanes?
1104 4325 1138 4375 Ce
1156 4326 1232 4374 motil
1249 4326 1295 4385 fut,
1316 4329 1406 4374 autaut

236 4408 314 4471 qu'on
327 4414 389 4471 peut
401 4409 424 4456 le
437 4421 571 4470 supposer,
584 4423 634 4457 une
649 4406 784 4455 confusion
796 4407 828 4456 de
840 4421 983 4468 personnes
995 4406 1057 4454 dont
1068 4405 1096 4467 je
1109 4405 1173 4453 crois
1185 4404 1256 4453 aruir
1267 4405 1407 4452 decourert

236 4488 365 4552 l'origine.
379 4489 448 4537 Dans
460 4489 484 4536 le
500 4501 575 4537 cuurs
587 4489 622 4537 du
632 4501 670 4537 vn
683 4487 772 4544 siecle,
785 4487 809 4536 le
821 4500 884 4536 nom
895 4488 926 4536 de
937 4487 1019 4535 Bodee
1032 4485 1095 4534 etait
1105 4499 1176 4534 assez
1188 4498 1340 4534 commun...
1355 4489 1405 4535 etc.

271 4571 281 4604 ¹
303 4568 384 4632 Apud
396 4567 539 4630 hlurutort,
552 4567 644 4630 Script.
658 4581 711 4616 rer.
724 4565 803 4618 italic.
