3240 5468
618 846 815 933 PRIMA
859 849 1014 937 PARS

269 1102 358 1168 DE
387 1071 665 1173 ’Βοετιο
710 1105 1137 1178 omniscium)
1181 1112 1360 1182 viere).

649 1639 780 1712 CAPUT
804 1641 969 1714 PRIMUM.

556 1895 706 1957 BOETIUS
733 1897 756 1952 Ε
783 1897 898 1953 GENTE
927 1898 1058 1954 anicla.

275 2124 394 2199 Haece
418 2120 538 2199 codice
570 2121 829 2222 Rehdigeriano
850 2124 934 2210 olim
960 2124 998 2201 in
1018 2127 1235 2205 monasterio
1251 2130 1394 2206 Sancti.-

222 2255 401 2333 Michuelis
443 2255 480 2332 in
518 2255 742 2333 Hildesheim
774 2265 977 2353 asservato,
1016 2259 1150 2359 quique
1190 2260 1320 2364 saeculo
1353 2277 1393 2337 xl

221 2389 277 2465 vel
304 2406 358 2464 int
388 2388 645 2467 adscribendus
683 2396 753 2487 est,
790 2390 835 2468 de
864 2391 934 2468 vita
970 2391 1082 2468 Boetii
1114 2392 1159 2497 ad
1193 2394 1392 2493 marginem

220 2522 342 2598 additu
361 2523 583 2624 deprompsit
597 2522 864 2601 recentissimus
883 2524 995 2600 Boetii
1008 2523 1124 2628 editor
1141 2525 1295 2634 Peiper:
1399 2587 1402 2591 >

277 2691 292 2723 c
313 2661 415 2746 Anno
427 2657 614 2735 dominicae
629 2657 885 2736 incarnationis
896 2632 1246 2767 quadringentesimo
1262 2635 1390 2759 quinto

225 2825 240 2856 ι
273 2791 433 2866 Odoacer
459 2789 605 2889 quidam
630 2814 690 2865 rer
715 2792 891 2865 barbarus
915 2790 1044 2866 invasit
1068 2791 1233 2869 Ytaliam.
1259 2795 1391 2870 Contra

225 2957 240 2989 ι
271 2947 379 3023 quem
397 2925 488 2998 Seno
509 2921 705 3022 imperator
720 2922 1135 3021 Constantinopolitanus
1155 2898 1384 3001 misit'sheo-

224 3091 240 3122 »
272 3055 435 3133 doricum
451 3077 568 3154 regem
582 3053 752 3156 Gotorum
770 3055 1027 3131 commendans
1038 3054 1068 3132 ei
1081 3057 1259 3156 praecipue
1276 3060 1390 3134 Sena-

225 3223 240 3255 »
274 3196 351 3265 tum
365 3211 556 3264 romanum
571 3196 606 3262 et
622 3184 810 3287 populum.
828 3190 869 3260 dt
883 3185 942 3261 ille
957 3195 1079 3263 contra
1095 3188 1212 3264 occiso
1228 3165 1389 3266 Odoacro

224 3359 239 3390 ·
271 3334 305 3400 et
320 3323 443 3399 invasa
460 3321 571 3398 Ytalia
587 3343 734 3396 omnem
754 3343 851 3419 pene
864 3320 1084 3395 nobilitatem
1100 3345 1290 3399 romanam
1312 3322 1390 3399 dis-

224 3490 240 3523 »
272 3454 435 3558 perdidit.
452 3454 613 3554 Denique
635 3452 843 3529 Simaohum
863 3475 1026 3528 socerum
1043 3452 1155 3528 Boetii
1170 3434 1264 3531 ferro
1283 3455 1390 3532 inter·

212 3623 240 3660 r»
272 3587 367 3666 fecit.
391 3587 574 3687 Adquem
599 3586 694 3663 idem
719 3584 863 3661 Boetius
889 3591 967 3664 tum
986 3584 1075 3664 alios
1096 3591 1173 3660 tum
1193 3585 1326 3663 librum
1344 3587 1390 3665 de

224 3757 240 3790 »
273 3721 441 3798 Trinitate
458 3693 694 3820 transcripsit.
708 3721 777 3795 Nec
788 3717 908 3795 minus
923 3717 1019 3794 same
1030 3717 1170 3796 necavit
1185 3718 1389 3796 Johannem

223 3891 240 3924 ι
272 3877 415 3956 papam.
433 3853 486 3930 dd
504 3877 612 3953 quem
627 3852 722 3930 idem
736 3852 881 3930 Boetius
901 3851 1019 3929 adhuc
1034 3851 1238 3952 dyaconuur
1257 3850 1387 3927 librum

225 4021 240 4058 s
272 3998 397 4066 contra
423 3984 627 4063 Nestorium
651 3995 685 4062 et
711 3985 877 4087 quaedam
899 3984 968 4061 alia
991 3984 1113 4062 edidit.
1138 3987 1322 4061 Postremo
1354 3995 1389 4061 et

224 4158 240 4190 a
273 4122 392 4223 ipsum
417 4119 582 4196 Boetium
601 4118 850 4196 insimulatum
870 4119 969 4219 apud
993 4142 1030 4195 so
1050 4118 1146 4218 quod
1170 4117 1291 4193 literas
1319 4117 1388 4190 im-

224 4293 240 4324 »
273 4253 424 4355 peratori
445 4252 489 4328 de
507 4251 669 4328 libertate
685 4275 832 4328 romana
854 4252 1007 4326 misisset
1027 4249 1123 4350 apud
1144 4249 1288 4349 Papium
1309 4273 1389 4322 car-

224 4428 240 4458 »
273 4414 351 4465 cere
368 4387 504 4463 clausit.
520 4385 654 4463 Deinde
670 4396 750 4485 post
763 4386 913 4486 scriptos
929 4384 1063 4460 ibidem
1081 4383 1125 4458 de
1141 4381 1389 4458 Consolatione

224 4559 240 4592 »
274 4525 382 4600 libros
402 4521 575 4597 eductum
590 4519 693 4619 quasi
711 4529 750 4594 ut
765 4543 803 4597 se
818 4520 863 4595 de
880 4517 1026 4618 obiectis
1047 4524 1215 4620 purgaret
1230 4515 1388 4592 circum·
