3240 5468
660 461 859 529 -199-

177 674 258 750 quae
278 649 316 726 in
333 648 424 733 libre
445 644 577 725 Contra
597 644 783 751 ‘Eutychen
807 649 958 749 legimus
979 684 988 729 ε
1013 684 1029 718 r
1054 653 1157 743 Quod
1176 653 1205 729 si
1226 679 1268 731 ex
1286 654 1349 734 illc

176 791 306 861 cuneta
325 789 409 859 sunt
432 781 528 858 bona
548 782 609 882 qui
632 781 731 859 solus
751 791 805 859 est
822 783 951 880 bonus,
972 782 1061 860 illud
1079 786 1198 884 potius
1212 785 1348 867 bonum

175 926 254 993 esse
268 914 487 993 credendum
503 923 568 1010 est,
579 913 676 1015 quod
692 913 752 990 illa
767 914 1070 992 incommutabilis
1084 917 1227 995 bonitas
1242 931 1348 1020 atque

175 1048 339 1125 omnium
361 1049 541 1125 bonorum
563 1069 671 1124 causa
692 1047 921 1146 praescribit¹.
950 1083 965 1116 a
987 1049 1141 1125 Demum
1164 1050 1204 1125 in
1227 1049 1346 1128 libello

174 1183 216 1257 dc
238 1183 326 1257 Fide
352 1180 518 1257 catholice
546 1180 601 1256 his
632 1180 841 1258 solennibus
873 1182 988 1260 verbis
1020 1183 1196 1260 exaltatur
1225 1183 1342 1262 divina
1391 1246 1395 1267 ,

174 1322 304 1391 natura
319 1347 328 1393 :
350 1342 365 1376 «ι
384 1317 474 1415 Ergo
489 1313 610 1391 divina
624 1337 666 1390 er
681 1323 814 1390 aeterne
834 1322 962 1391 natura
977 1324 1012 1393 et
1026 1316 1064 1391 in
1078 1325 1252 1393 aeternum
1267 1316 1346 1395 sine

174 1445 293 1547 aliqua
308 1445 548 1523 mutabilitate
568 1447 783 1547 perdurans,
804 1445 871 1530 sibi
892 1458 1029 1547 tautum
1050 1449 1193 1526 conseia
1214 1448 1346 1535 volun-

175 1588 263 1676 tate,
297 1586 439 1679 sponte,
474 1577 651 1654 mundum
684 1578 796 1654 voluit
828 1577 1020 1676 fabricare,
1055 1604 1228 1681 eumque,
1249 1598 1345 1663 ¹curn

174 1713 320 1819 omnino
345 1737 420 1789 non
444 1722 549 1808 esset,
573 1710 657 1787 feeit
686 1722 724 1787 ut
753 1721 858 1809 esset,
887 1737 952 1790 nee
980 1737 1022 1790 ex
1053 1738 1117 1789 sua
1146 1714 1344 1797 substantia

174 1841 343 1949 pretulit,
378 1870 424 1924 ne
456 1845 599 1922 divinus
630 1853 757 1920 natura
790 1845 1013 1943 crederetur,
1049 1869 1167 1946 neque
1199 1845 1345 1925 aliunde

174 1980 320 2059 molitus
339 1988 405 2076 est,
426 2003 472 2056 ne
486 1980 561 2079 jam
578 1977 753 2055 exstitisse
769 1977 902 2077 aliquid
919 1981 1016 2080 quod
1030 1981 1106 2080 ejus
1124 1980 1345 2061 voluntatem

174 2109 359 2189 existentia
388 2107 541 2210 propriae
569 2118 707 2183 naturae
735 2109 914 2207 juravet...
943 2109 1005 2186 sed
1037 2111 1145 2195 verbo
1178 2114 1346 2212 produxit

175 2243 302 2339 coelos,
333 2239 643 2335 terramcreanit,
667 2238 716 2314 ita
744 2245 783 2314 ut
810 2240 944 2316 coelesti
973 2240 1192 2320 habitatione
1219 2246 1346 2348 dignas

174 2377 265 2457 coelc
281 2381 431 2451 naturas
447 2373 615 2473 efficeret,
632 2393 673 2447 ac
693 2379 795 2447 terrae
810 2379 950 2448 terrena
966 2384 1195 2475 componeret
1203 2376 1226 2456 ³.
1247 2411 1263 2444 »
1281 2377 1347 2454 Hic

174 2515 295 2584 autem
315 2509 408 2585 Deus
427 2541 443 2575 ι
463 2505 658 2583 medicator
673 2505 856 2602 mentium,
879 2533 894 2566 »
917 2537 931 2571 e
955 2506 1075 2609 ipsum
1091 2533 1197 2585 suum
1212 2509 1347 2610 Unige-

175 2640 290 2721 nitum
318 2665 383 2742 per
407 2638 588 2739 Virginem
612 2637 711 2714 nasci
734 2638 928 2736 constituit,
956 2648 994 2716 ut
1017 2640 1178 2717 humana
1207 2641 1346 2718 salus...

174 2800 299 2855 rursus
321 2766 572 2876 repararetur3
599 2803 615 2840 a
648 2770 710 2872 qui
737 2802 754 2836 «
783 2770 1008 2849 medicinalia
1034 2772 1199 2871 quaedam
1225 2773 1349 2849 tribuit

175 2903 443 3003 sacramenta⁴3
472 2939 490 2974 »
522 2912 659 2983 naturae
688 2905 852 2979 humanae
885 2928 998 3004 poenae
1025 2905 1230 3002 submissae,
1267 2929 1348 3005 quae

175 3038 298 3143 gratiae
316 3041 425 3139 donc,
440 3063 513 3117 nnn
535 3038 609 3115 suis
624 3036 777 3133 meritis,
804 3043 918 3112 tntum
939 3034 1034 3137 quod
1049 3046 1103 3114 est
1127 3037 1253 3113 salutis
1273 3059 1348 3116 suae

176 3175 328 3259 afferret.

228 3310 324 3385 Inter
334 3331 371 3385 se
382 3315 503 3384 autem
519 3304 674 3382 maxima
684 3303 875 3381 concordia
890 3304 1024 3403 pollent
1039 3303 1248 3405 theologica,
1263 3329 1346 3381 cum

175 3444 220 3525 de
237 3443 309 3520 Dec
330 3439 434 3538 trine,
452 3440 496 3516 de
517 3439 608 3516 Filio
626 3438 691 3514 Dei
709 3438 908 3534 incarnato,
926 3438 1100 3527 deldaria
1119 3439 1279 3538 Virgine,
1301 3439 1345 3514 dc

178 3575 387 3671 haeresibus,
407 3575 451 3653 de
470 3572 589 3659 media
603 3573 695 3650 inter
715 3573 786 3650 duc
801 3585 959 3649 extrema
978 3597 1075 3650 sanae
1094 3572 1264 3650 doctrinae
1277 3572 1347 3667 via,

176 3677 256 3808 qua}
270 3708 308 3784 in
323 3706 475 3785 decursu
497 3706 668 3807 temporis
687 3708 732 3782 ab
747 3705 902 3783 Ecclesia
916 3706 1090 3783 catholica
1106 3711 1259 3785 tenetur.

232 3841 514 3918 substantialem
524 3864 601 3916 esse
614 3840 691 3914 Filii
704 3839 767 3916 Dei
783 3841 918 3915 aPatre
933 3837 1204 3939 productionem
1220 3834 1348 3912 asserit

213 4266 222 4299 ¹
246 4264 323 4314 Cant.
340 4257 633 4328 Eutych.,Peip.,218.

212 4357 224 4388 ¹
246 4352 281 4404 ne
292 4353 361 4404 Fide
373 4354 458 4413 cath„
470 4352 554 4427 Peip.,
568 4351 621 4402 l't'l.

214 4445 226 4478 ³
245 4442 327 4503 leta,
339 4457 365 4506 p.
377 4440 433 4491 tae.

212 4529 434 4609 *manat
482 4512 485 4518 ’
