3240 5468
723 371 899 466 ..39-

233 647 235 652 .
276 544 481 646 Propinqua
507 567 573 631 sno
598 543 1010 649 faustissimapreoatur
1033 544 1230 642 ennodius,
1260 569 1392 656 nouum

221 679 406 766 consulem
422 676 620 776 salutando,
636 700 677 754 ac
690 676 787 754 velut
802 701 823 751 a
840 675 1043 778 propinquo
1057 678 1192 770 donum
1205 681 1392 782 cujusdam

220 809 257 886 in
276 809 416 887 civitate
432 807 686 886 Mediolanensi
705 807 835 884 domds
849 807 1104 908 efflagitandc:
1378 915 1381 920 Ι

232 1024 233 1027 ¹
276 965 293 1001 e
325 932 477 1036 Optimae
507 933 584 1034 spei
617 931 754 1034 plenuS,
779 933 837 1009 cui
860 933 1019 1010 faustum
1038 935 1163 1035 cupio,
1195 936 1241 1013 ad
1266 961 1390 1019 curam

224 1101 241 1135 »
272 1066 380 1144 officii
403 1066 602 1169 epistolaris
631 1064 786 1165 adspira.
815 1067 924 1141 Decet
951 1065 1046 1142 enim
1077 1067 1200 1145 vestris
1231 1067 1389 1163 fascibus

223 1235 241 1269 »
272 1201 340 1278 hac
361 1199 568 1302 praelatione
596 1196 766 1295 delibari3
785 1203 821 1274 et
840 1197 932 1274 inter
948 1179 1150 1300 purpuras,
1171 1201 1389 1302 possessoris

223 1367 241 1401 »
273 1334 352 1411 lnce
372 1342 585 1429 crescentes,
604 1331 857 1432 qualicumque
877 1355 950 1410 non
969 1333 1149 1410 abstinere
1169 1310 1385 1436 colloquio...

224 1501 240 1535 s
274 1442 448 1565 Deooqo
468 1466 698 1568 omnipotenti*
713 1465 859 1563 pretias,
879 1465 941 1564 qui
963 1465 1001 1540 in
1020 1465 1141 1562 vobiS,
1163 1465 1249 1543 dum
1268 1463 1388 1559 vetera

224 1636 240 1669 o
272 1609 397 1681 vestrae
414 1598 559 1676 familiae
580 1599 675 1676 bona
693 1598 859 1696 custodit,
878 1620 972 1677 nova
990 1597 1216 1701 multiplicat,
1237 1607 1271 1677 et
1291 1601 1388 1701 quod

223 1770 240 1804 s
273 1735 351 1838 plus
376 1740 431 1811 est
457 1733 557 1836 apice
581 1731 764 1832 dignitatis
790 1732 917 1835 dignos
940 1731 1025 1810 facit
1049 1756 1127 1810 esse
1156 1733 1385 1813 culminibus.

224 1905 240 1939 s
273 1868 445 1948 Redditur
460 1867 605 1969 quidem
620 1874 746 1959 vestrae
761 1864 871 1967 gloria
889 1865 956 1944 ista
972 1866 1110 1968 origini,
1126 1868 1201 1968 sed,
1222 1868 1318 1969 quod
1334 1876 1388 1946 est

223 2037 240 2072 s
272 2004 419 2102 clarius,
437 2001 563 2079 merito
582 2001 797 2102 impetrante
820 2023 1020 2100 personae...
1046 1999 1295 2103 Eloquentiam
1321 2026 1386 2080 re-

224 2175 240 2208 »
273 2148 401 2238 terum,
422 2136 511 2214 dum
533 2133 698 2233 imitaris,
719 2159 936 2239 exsuperas3
959 2136 1110 2212 discendi
1133 2141 1281 2237 formam
1304 2140 1388 2215 doc·

223 2308 239 2342 »
272 2273 412 2350 tiseircir
427 2272 564 2360 trilicis,
582 2272 665 2346 deero
682 2270 842 2370 requiris.
859 2270 928 2344 Eat
942 2271 1035 2370 opcct
1053 2295 1107 2346 rice
1126 2271 1293 2372 Epistola
1315 2298 1388 2350 ees-

224 2443 238 2476 »
272 2423 352 2495 trec,
375 2385 457 2508 poce
486 2407 590 2505 iujos
613 2407 666 2481 rei
690 2406 792 2504 potem
814 2405 932 2504 sociat,
954 2406 1154 2480 venerando
1178 2408 1387 2507 compositio.

225 2577 239 2609 s
272 2541 416 2617 Utinam
435 2564 514 2640 quae
529 2563 550 2615 a
564 2537 665 2615 vobis
679 2537 984 2638 diriguntur,'tam
998 2545 1118 2619 essent
1134 2539 1258 2616 crebra
1276 2517 1387 2640 quam

221 2703 239 2748 s
272 2673 593 2753 suavial...·Valere
607 2697 665 2750 me
685 2671 823 2770 nuntio,
842 2678 877 2748 et
901 2679 1025 2747 utrum
1044 2671 1192 2750 valeatis
1210 2673 1387 2777 imploro,-

223 2845 238 2877 »
270 2809 316 2886 ad
333 2789 513 2890 summam
533 2805 696 2885 beneficii
712 2805 895 2905 poatclooe
913 2820 953 2882 ot
972 2807 1126 2906 dipootio
1149 2832 1204 2884 ine
1221 2809 1387 2909 reciproci

223 2981 238 3012 o
272 2943 439 3020 sermonis
455 2941 616 3018 attollat:
637 2944 696 3017 loc
713 2966 844 3042 pcopce
859 2943 1055 3042 deprecans,
1076 2953 1115 3017 cit
1129 2943 1268 3018 domum
1283 2965 1387 3043 petam

222 3111 244 3146 »κ
270 3080 309 3152 io
325 3076 577 3162 Mediotcceoei
591 3075 726 3151 civitate
738 3082 773 3150 et
787 3073 1009 3151 abundantia
1021 3082 1142 3157 vestra
1154 3083 1192 3163 ei
1204 3074 1386 3177 neglectus

223 3245 239 3279 s
272 3209 532 3311 propemodum
557 3210 633 3308 jam
653 3206 809 3307 reliquit,
824 3206 913 3285 mihi
933 3230 1005 3306 quo
1024 3207 1130 3289 vultis
1150 3231 1278 3310 genere
1297 3232 1388 3286 con-

223 3380 238 3412 »
272 3343 417 3422 cedatis.
434 3342 577 3418 lustum
592 3348 646 3417 est
661 3341 758 3418 enim
772 3347 812 3415 nt
822 3355 985 3440 parentes
999 3343 1105 3417 uestri
1119 3341 1275 3420 habeant
1290 3341 1386 3445 quod

223 3514 238 3546 s
272 3479 316 3556 de
340 3475 547 3579 patrimonii
572 3475 666 3553 mole
686 3474 880 3552 descendit.
900 3475 1041 3552 Credite
1063 3467 1166 3573 mihi,
1192 3477 1264 3554 Deo
1284 3482 1386 3571 teste,

222 3650 237 3682 s
269 3613 354 3714 quia
369 3612 399 3697 si
413 3610 605 3712 impetrare
619 3607 695 3686 sine
711 3607 923 3685 detrimento
938 3606 1068 3686 censds
1083 3607 1385 3710 vestrimeruero,

223 3783 237 3815 s
269 3745 373 3847 quasi
392 3743 487 3821 dono
512 3743 698 3844 obligatus,
720 3742 901 3844 obsequiis
921 3740 1120 3844 potioribus
1148 3740 1385 3851 respondebo.

221 3917 237 3951 ι
269 3883 549 3980 aequiparis,
573 3877 623 3954 sic
651 3900 712 3955 vos
741 3875 891 3954 feliciter
915 3876 1082 3954 universa
1110 3874 1329 3977 contingant,
1356 3877 1386 3952 si

222 4049 238 4083 ι
269 4037 414 4092 securus
443 4035 523 4090 esse
552 4010 680 4109 debeo,
706 4010 857 4112 plenarii
889 4010 979 4089 mihi
1009 4009 1217 4090 documenti
1246 4009 1386 4111 dirigite

220 4187 236 4220 s
266 4147 474 4225 firmitatem
488 4145 511 4221 ¹.
537 4179 552 4214 ι

271 4272 439 4371 Superest
461 4278 502 4345 ut
530 4267 650 4346 dicant
678 4270 781 4346 nobis
806 4271 867 4369 qui
889 4269 1011 4347 Boetia
1036 4268 1232 4348 christiano
1255 4268 1384 4346 adrer-

979 4466 982 4471 ,
1051 4445 1385 4469 ——err

253 4514 507 4582 rmmffli
