3240 5468
749 499 795 550 ·-·-
814 458 883 570 1111
902 497 950 552 -“-’

263 688 345 789 styli
360 688 517 789 quodam
532 688 677 790 proprio
693 689 1059 767 nitoreindubilanter
1075 690 1242 791 agnosci,
1261 727 1276 761 »
1295 689 1440 772 30ticet

262 822 426 920 quaedam
451 821 654 898 christianae
677 821 760 897 fidei
790 822 967 900 contraria
992 824 1030 898 iu
1056 824 1302 900 Consolatione
1324 849 1441 926 repe-

262 954 404 1029 riantur
429 954 541 1054 (quod
560 978 633 1031 uon
656 964 795 1032 lantum
821 981 980 1034 asserere
1000 957 1061 1033 sed
1081 958 1234 1056 probare
1253 959 1441 1053 debuisset

261 1087 415 1184 Bruno),
432 1097 567 1165 certum
584 1112 661 1165 esse
680 1089 844 1166 Boetium
859 1089 898 1165 in
915 1091 971 1166 his
986 1090 1093 1186 libris
1105 1090 1196 1166 nihil
1210 1088 1255 1166 de
1271 1089 1442 1197 doctrina

262 1219 499 1297 ecclesiastica
534 1220 759 1321 disputasse,
790 1223 852 1298 sed
887 1223 1184 1323 philosophorum
1224 1221 1439 1324 opiniones,

263 1353 416 1429 maxime
444 1353 720 1450 Platonicorum,
750 1354 950 1455 legentibus
977 1357 1117 1457 aperire
1145 1357 1308 1433 voluisse.
1341 1357 1440 1454 Ergo

262 1487 394 1562 intacta
414 1496 575 1563 remanet
591 1488 703 1565 Boetii
718 1489 914 1566 orthodoxa
928 1491 1126 1589 integritas.

276 1653 280 1657 ·
318 1619 353 1694 si
376 1619 525 1697 ulterius
543 1643 747 1718 quaeramus
772 1646 939 1720 quaenam
960 1624 1140 1724 praecipue
1157 1623 1194 1698 in
1210 1622 1330 1699 animo
1347 1625 1442 1699 Cor-

261 1753 417 1860 beieusis
434 1754 601 1830 monachi
616 1755 805 1855 scrupulos
823 1757 1019 1851 moverint,
1046 1756 1247 1849 animarum
1264 1755 1440 1856 1111111111-Δ

263 1885 410 1963 tentiam
425 1890 566 1962 tantum
580 1887 793 1984 invenimus,
811 1888 855 1964 de
875 1912 947 1987 qua
963 1889 1040 1988 ipse
1055 1890 1104 1965 ait
1121 1922 1128 1966 :
1154 1922 1171 1954 1
1195 1890 1269 1963 Hoc
1284 1887 1439 1988 deipsis

267 2054 283 2086 1
314 2018 460 2119 intelligi
483 2019 558 2097 vult
583 2021 767 2117 (Boetius),
785 2023 883 2120 quod
898 2022 1045 2098 minime
1065 2021 1187 2120 recipit
1211 2020 1301 2096 fides
1317 2020 1442 2095 chris-

267 2187 283 2219 »
316 2153 424 2247 tiana,
443 2176 504 2228 eas
524 2152 687 2229 videlicet
710 2179 731 2228 1
756 2154 869 2252 prima
893 2155 949 2229 sui
968 2154 1183 2249 conditione,
1203 2153 1240 2228 in
1260 2152 1439 2252 melopo-

268 2320 284 2352 »
316 2285 403 2361 sitas
426 2310 467 2361 er
496 2286 796 2384 contemplatione
825 2287 955 2362 mentis
989 2286 1118 2362 divinae
1149 2288 1252 2362 beate
1280 2283 1439 2382 vixiss03

268 2453 284 2485 »
316 2418 444 2494 deinde
473 2419 649 2518 quasdam
677 2444 718 2495 ex
746 2420 800 2494 his
825 2420 862 2494 iu
891 2443 1041 2518 corpora
1058 2419 1218 2494 humana
1248 2416 1436 2516 delapsas,

268 2586 284 2618 ι
315 2553 444 2628 iterum
478 2561 559 2651 post
591 2552 843 2627 resolutionem
877 2576 1068 2651 corporum
1097 2551 1245 2628 terrenis
1280 2558 1438 2649 purgata

269 2720 285 2752 1
317 2684 409 2759 vitiis
424 2684 598 2782 originem
613 2707 716 2760 suam
735 2690 893 2783 repetere
909 2693 944 2760 et
962 2685 1001 2759 in
1023 2684 1153 2761 coelum
1169 2682 1284 2760 redire
1299 2681 1322 2756 ¹.
1340 2715 1359 2753 1)
1384 2683 1437 2756 Ex

264 2818 393 2917 quibus
408 2790 768 2918 verbis‘perspicuum
786 2825 840 2895 est
855 2820 1063 2894 Brunonem
1078 2815 1236 2893 alludere
1251 2814 1296 2890 ad
1310 2814 1439 2890 locum

263 2974 370 3049 quem
391 2974 500 3050 supra
516 2951 747 3051 exposuimus
767 2951 812 3027 de
832 2950 940 3026 variis
958 2951 997 3025 in
1012 2950 1132 3027 anima
1149 2949 1309 3023 humana
1324 2944 1439 3022 liber-

267 3084 346 3159 tatis
364 3084 532 3183 gradibus
549 3080 572 3180 ²,
591 3085 653 3185 qui
667 3087 768 3162 locus
783 3085 968 3180 obscurior
987 3093 1040 3161 est
1056 3104 1165 3182 quam
1180 3088 1221 3155 ut
1237 3086 1332 3156 certa
1347 3077 1438 3156 iude

265 3225 408 3294 eruatur
427 3217 606 3313 accusatio
622 3226 745 3294 contra
761 3219 869 3293 fidem
890 3216 1056 3293 auctoris.
1084 3216 1135 3290 De
1158 3220 1284 3291 cratero
1309 3217 1437 3288 mouet

265 3351 341 3450 ipsc
356 3352 476 3426 Bruno
491 3350 653 3427 Boetium
672 3351 880 3453 opinionem
896 3347 1190 3449 philosophicam,
1204 3347 1297 3422 inter
1313 3343 1436 3420 catho-

265 3483 353 3559 licos
386 3484 492 3584 plane
529 3482 679 3559 liberam
711 3482 913 3582 aperuisse,
950 3481 1198 3581 impugnatam
1230 3474 1375 3576 quidem
1414 3497 1437 3550 a

267 3617 301 3693 S.
318 3616 528 3716 Augustino,
554 3617 616 3695 sed
637 3624 743 3693 antea
767 3617 812 3691 ab
837 3615 990 3714 Origene
1007 3611 1197 3707 traditam,
1218 3618 1254 3686 et
1272 3607 1437 3684 nondum

266 3753 310 3826 ab
332 3750 486 3828 Ecclesia
505 3751 724 3827 damnatam.
746 3747 1028 3825 contradicimus
1049 3771 1132 3844 ergo
1151 3743 1288 3820 auctori
1308 3743 1438 3841 cujus·

267 3883 415 3959 demde
441 3883 564 3959 Boetio
588 3882 765 3982 opusculi,
786 3879 957 3957 asserenti
986 3917 1003 3949 «
1029 3877 1132 3976 longe
1151 3882 1232 3951 ante
1250 3874 1437 3964 Boetium,

267 4040 338 4116 quo
362 4023 523 4116 tempore
542 4017 576 4091 S.
598 4015 813 4113 Augustinus
837 4013 1008 4104 florebat,
1034 4011 1111 4108 jam
1140 4005 1306 4083 Eoclesiae
1324 4004 1369 4079 de
1394 4026 1438 4079 ea

268 4151 463 4250 quaestione
478 4147 679 4224 doctrinam
695 4147 920 4246 perspicuam
941 4152 1049 4242 atque
1068 4149 1231 4240 apertam
1244 4133 1388 4232 iuisse³,
1401 4145 1457 4212 11·

1000 4319 1438 4338 Μ

304 4430 313 4462 ¹
335 4431 410 4493 Apud
424 4431 517 4495 migne,
529 4436 592 4479 tom.
606 4428 690 4490 LXIV,
706 4429 756 4478 col.
768 4427 837 4477 reto.

302 4513 314 4545 ¹
337 4510 450 4570 Consol„
463 4512 492 4571 V,
507 4526 545 4573 pr.
559 4511 583 4559 1.
597 4509 700 4572 Peiper‚
713 4522 738 4570 p.
751 4508 805 4557 ret.

305 4595 316 4629 ὅ
338 4592 403 4652 Qnae
412 4591 445 4640 de
454 4591 625 4643 Prouidentia
634 4589 742 4641 Boetius
754 4588 782 4637 in
798 4582 958 4649 consonet.
969 4580 1117 4646 scripserit.
1127 4576 1250 4641 Namnet,
1262 4573 1369 4640 111111.
1381 4572 1440 4630 107.
