3240 5468
719 433 896 505 ..95-

221 648 327 705 suam
347 625 392 704 de
406 626 474 703 hac
489 618 665 704 solutione
685 627 892 727 aperiebat:
923 659 940 695 e
967 627 1029 703 His
1046 625 1154 726 igitur
1177 619 1390 723 terminatis,

221 788 244 847 o
275 761 416 856 omnis,
435 775 475 838 rrt
497 762 674 849 arbitror,
701 762 851 860 quaestio
869 761 1042 838 dissoluta
1069 767 1173 838 est...
1194 754 1392 837 Aristotelis

218 870 491 971 ·»‘-'sententiam
516 894 674 971 exsecuti
697 916 834 992 sumus,
851 918 924 970 ooo
943 895 1031 994 quod
1050 918 1126 970 eom
1140 893 1288 970 morinco
1307 916 1394 992 pro*-

229 1015 246 1096 J.
278 1029 451 1116 dornone,
466 1027 528 1105 sed
542 1026 639 1127 quod
654 1026 712 1104 hic
725 1026 870 1104 hherad
885 1025 1161 1127 praedicamenta
1171 1024 1395 1126 conscriptus

230 1193 247 1231 ⁸
277 1169 384 1239 esim.
403 1196 420 1230 r

279 1296 357 1374 llon
372 1296 564 1372 defuerunt
583 1299 700 1395 enim,
719 1303 754 1371 et
777 1295 871 1372 inter
893 1303 1040 1382 caeteros
1060 1294 1273 1371 llcscelinus
1289 1297 1394 1372 Com-

226 1414 431 1532 pendiensis
450 1429 555 1528 (circa
573 1453 605 1505 a.
628 1425 757 1528 1080),
782 1430 845 1529 qui
871 1464 887 1496 r
908 1428 1121 1507 universalia
1142 1463 1158 1497 »
1185 1452 1265 1529 quae
1283 1431 1396 1507 asin-

225 1560 408 1667 gularihus
433 1562 689 1638 abstrahuntur
712 1561 802 1637 nihil
825 1561 995 1638 realitatis
1021 1562 1058 1637 in
1087 1587 1126 1638 se
1149 1563 1331 1640 continere
1354 1540 1396 1640 ae

226 1720 304 1773 esse
318 1704 435 1772 meras
451 1718 555 1771 voces
571 1693 808 1771 affirmarunt.
826 1695 930 1771 Hune
949 1693 1242 1771 nominalismum
1266 1697 1352 1774 conl
1374 1726 1396 1755 *-

226 1804 588 1923 conculcemus,
604 1828 643 1903 in
661 1827 912 1904 librato-Fur
929 1828 1136 1916 Trinitatis,
1160 1844 1280 1905 contra
1306 1809 1396 1906 otar-

222 1961 692 2062 poento-Rorrottotnutta
704 1961 820 2036 attulit
830 1968 1042 2060 argumenta
1052 1970 1178 2040 contra
1192 1962 1397 2040 istiusmodi

218 2095 453 2172 sententiam.
492 2093 633 2169 Etenim
664 2101 803 2169 certum
839 2101 893 2169 est
929 2093 1227 2170 nominalismum'
1249 2117 1398 2173 'omnem

213 2227 465 2328 ,cognitionem
481 2228 678 2302 humanam
694 2225 952 2325 scientiamque
976 2251 1017 2303 ac
1033 2227 1282 2306 certitudinem
1296 2221 1400 2306 ever-

230 2369 319 2454 te'rc3
336 2362 422 2437 dum
438 2360 565 2438 asserit
574 2359 771 2460 singularia
782 2367 922 2437 tantum
935 2359 1095 2460 existere,
1109 2361 1230 2437 omnia
1244 2354 1283 2437 in
1297 2362 1398 2438 fluxu

230 2482 402 2596 perpetuo
424 2516 505 2570 esse
529 2516 570 2569 ac
595 2499 696 2568 motu
711 2491 850 2570 abduci.
872 2492 1007 2570 Exinde
1021 2492 1141 2570 nullus
1162 2496 1239 2594 jam
1259 2495 1347 2572 ordo
1361 2496 1399 2573 in

229 2652 350 2705 rerum
366 2636 508 2723 natura,
527 2626 636 2703 nullae
652 2626 758 2726 leges,
774 2626 872 2703 nulla
887 2651 971 2727 crgo
990 2652 1180 2706 causarum
1197 2629 1399 2727 inquisitio,

228 2760 329 2839 nulla
353 2760 512 2838 scientia.
539 2762 628 2835 llum
648 2758 902 2836 vocabulorum
932 2760 1237 2838 universalitatem
1261 2770 1400 2840 tantum

230 2895 429 2972 concedunt
442 2890 689 2984 nominalistoe,
704 2913 777 2966 non
792 2914 925 2991 rerum,
937 2892 1000 2969 sed
1011 2892 1196 2991 signorum
1210 2894 1400 2972 scientiam

231 3028 392 3126 fingunt3
423 3023 686 3126 philosophiam
717 3033 756 3098 ut
785 3023 965 3124 algehram
999 3025 1192 3124 quamdam
1221 3027 1401 3103 somniant

234 3184 315 3261 quae
330 3160 512 3260 signorum
532 3165 671 3234 tantum
687 3179 994 3256 numerorumque
1010 3159 1307 3259 compositionem
1319 3183 1402 3237 cou-

234 3293 376 3372 siderat.
390 3292 534 3368 Talibus
550 3297 668 3368 autom
685 3291 943 3390 cujuscumque
953 3291 1112 3369 veritatis
1127 3291 1402 3371 affirmationem

235 3416 322 3523 tolli,
353 3450 394 3502 ac
423 3425 697 3502 stolidissimum
733 3423 1000 3524 scepticismum
1030 3425 1150 3501 induci
1184 3449 1291 3503 nemo
1329 3450 1403 3503 non

234 3559 346 3637 videt·
361 3561 423 3635 Est
442 3558 533 3635 alius
558 3557 665 3634 etiam
689 3561 812 3632 contra
837 3555 1083 3632 nominalistas
1096 3556 1221 3635 locus:
1249 3558 1286 3635 Si
1304 3557 1415 3636 nulla>

234 3695 341 3770 datur
354 3695 389 3770 in
407 3693 514 3771 rebus
530 3689 796 3782 universalitas,
821 3696 856 3765 et
875 3698 1033 3765 econtra
1047 3689 1083 3765 in
1099 3689 1245 3766 vocibus
1261 3699 1402 3766 tanturn
1438 3692 1440 3695 ’

234 3827 362 3926 existit,
379 3850 538 3927 quaerere
554 3825 599 3900 ab
613 3823 702 3924 ipsis
720 3822 843 3919 liceat,
860 3822 954 3899 unde
968 3821 1045 3899 istae
1059 3845 1163 3900 voces
1183 3822 1403 3902 universales

233 3961 353 4037 fiunt?
381 3961 483 4036 Unde
511 3956 712 4035 intellectus
736 3956 842 4032 istam
862 3955 1025 4033 efformet
1040 3981 1170 4035 vocum
1189 3956 1403 4036 universali-

237 4096 374 4170 tatem?
400 4094 437 4168 Si
460 4091 578 4192 reipsa
600 4112 703 4167 voees
728 4087 860 4164 dantur
885 4087 1123 4188 universales,
1147 4089 1282 4198 ergoin
1297 4091 1404 4165 rebus

236 4226 458 4302 etiamdatur
470 4222 730 4318 universalitas,
746 4223 1018 4322 fundamentalia
1030 4220 1405 4322 saltem,ulaffirmant

236 4359 449 4438 scholastici.
1383 4427 1385 4431 ,

290 4492 394 4568 Hunc
413 4490 588 4569 hescelini
603 4487 896 4568 nominalismum
905 4483 1072 4588 expolivit
1081 4483 1300 4588 thalamus,
1315 4488 1404 4569 dum
