3240 5468
804 461 846 475 -
870 423 979 495 50,-

308 615 354 699 ad
378 615 633 717 Symmachum
658 637 790 714 papam
816 611 984 707 scriptam
1013 609 1158 710 quidem
1183 635 1261 687 esse
1288 610 1383 689 circa
1409 635 1489 693 on-

305 772 392 845 uum
411 742 797 846 draconariorum
822 742 935 821 boetii
954 757 1074 819 contro
1093 744 1275 843 Eutychen
1290 752 1489 825 exaratum

305 905 382 959 esse
396 880 505 983 paulo
521 889 601 982 post
617 878 903 957 chalcedonense
917 875 1105 953 concilium
1121 878 1165 952 ab
1181 877 1302 977 ignoto
1318 879 1488 977 quodam

304 1021 459 1091 auctore.
472 1013 572 1090 llanc
589 1013 802 1123 sententiam
815 1010 929 1112 carpit
941 1018 1046 1110 atque
1060 1009 1219 1087 infirmat
1237 1010 1487 1114 Scbtindelen,

303 1147 390 1233 dum
424 1173 466 1234 ex
495 1147 537 1226 iis
570 1171 649 1248 quae
677 1145 864 1222 retulimus
895 1143 1011 1227 citatis
1044 1142 1193 1244 planum
1221 1142 1307 1220 facit
1333 1146 1509 1225 nullum'

302 1279 505 1380 exemplum
520 1279 685 1369 dictionis
706 1277 943 1357 Orientalium
959 1276 1003 1353 de
1020 1277 1158 1359 Christo
1177 1277 1216 1352 iu
1231 1291 1262 1354 ut
1278 1303 1317 1354 eu
1332 1278 1486 1358 duabus

158 1513 160 1517 Ι
301 1412 439 1495 naturis
464 1412 500 1487 in
525 1410 750 1491 documentis
773 1409 928 1489 inveniri
948 1417 1030 1487 ante
1052 1432 1186 1486 annum
1212 1405 1289 1486 mu
1310 1411 1363 1487 rel
1384 1408 1483 1492 513.

303 1548 390 1622 Cum
416 1554 534 1625 autern
560 1545 671 1623 Boetii
698 1544 899 1646 disquisitio
928 1567 1008 1645 quae
1042 1541 1292 1620 difficultatem
1321 1543 1429 1624 solvit
1458 1570 1486 1633 a

302 1680 440 1759 Ioanne
458 1678 620 1780 diacono,
642 1704 706 1758 seu
725 1701 744 1754 a
766 1678 856 1754 Sede
880 1677 1089 1779 tpostolica‚
1110 1676 1360 1754 auctoritatem
1380 1679 1483 1756 obti-

301 1814 430 1912 nuerit²
461 1838 586 1892 omnes
614 1814 666 1891 uti
694 1812 859 1911 vidimus,
886 1812 922 1887 in
950 1813 1042 1889 banc
1072 1810 1283 1888 seutentiam
1311 1813 1482 1893 certatim

301 1947 476 2049 abierunt,
514 1948 629 2025 boetii
661 1948 767 2025 verba
800 1948 839 2021 iu
867 1962 897 2022 ct
931 1971 970 2021 cu
1005 1945 1145 2021 duabus
1179 1944 1332 2044 naturis,
1365 1970 1481 2025 usur-

304 2089 441 2182 pantes.
479 2080 530 2157 De
568 2088 697 2157 caetero
727 2079 853 2181 Peiper
889 2079 1053 2156 Boetium
1088 2077 1295 2179 theologum
1327 2082 1478 2179 asserit,

302 2214 476 2317 illumque
491 2223 531 2291 ut
545 2222 682 2293 certum
698 2214 861 2313 adsignat
876 2222 1059 2290 auctorem
1085 2211 1191 2288 trium
1216 2210 1480 2312 opusculorum

302 2349 358 2441 Dc
375 2350 561 2440 Trinitate,
584 2351 710 2427 Utrum
729 2352 837 2424 Putcr
856 2363 887 2424 et
907 2348 1023 2422 Filius
1044 2370 1085 2423 ac
1111 2347 1288 2438 Quomodo
1308 2347 1480 2423 corbeton-

302 2482 373 2570 riu‚
398 2489 463 2560 etc.
490 2484 539 2559 lle
561 2482 699 2583 Peiperi
724 2481 761 2556 iu
782 2481 945 2558 Boetium
965 2479 1055 2557 berre
1078 2478 1214 2556 meritis
1234 2479 1384 2577 gratiam
1399 2482 1479 2561 Deo

301 2614 508 2713 referentes,
521 2615 601 2693 aliis
617 2615 757 2691 duobus
773 2614 967 2716 opusculis,
986 2614 1118 2691 scilicet
1134 2649 1141 2694 :
1160 2617 1216 2690 Dc
1230 2615 1297 2713 pide
1308 2615 1480 2693 catholica

300 2749 464 2841 ertuoro
489 2764 608 2831 contra
632 2750 813 2849 Eutychen
838 2750 1096 2825 attacorum
1124 2747 1245 2826 Boetio
1269 2773 1311 2826 er
1335 2748 1478 2850 integro

210 2949 212 2954 .
299 2881 531 2969 restituendis
550 2882 647 2960 haud
664 2882 820 2986 impares
836 2906 913 2958 esse
929 2880 1103 2959 videmur.

352 3014 494 3091 Nullum
521 3016 617 3107 enim
643 3022 697 3091 sat
727 3014 873 3091 firmum
899 3023 1149 3116 argumentum
1169 3023 1294 3094 contra
1318 3017 1478 3096 istorum

297 3145 474 3229 librorum
489 3147 680 3246 genuinam
700 3148 858 3226 aboetio
879 3149 1052 3247 originem
1071 3149 1108 3223 iu
1129 3149 1290 3225 medium
1309 3150 1475 3230 affertur.

296 3277 422 3373 Nullus
454 3278 545 3359 alius
574 3288 709 3375 auctor,
741 3305 786 3357 ue
815 3280 1046 3382 probabiliter
1075 3281 1223 3381 quidem
1255 3281 1472 3382 assignatur.

296 3413 321 3484 E
338 3419 463 3503 contra
484 3412 513 3488 si
529 3412 574 3489 da
592 3412 695 3489 Libro
711 3423 833 3493 contra
854 3415 1036 3515 Eutychen
1052 3423 1087 3491 et
1101 3414 1303 3493 Nestorium
1319 3417 1475 3514 quaestio

294 3553 347 3621 est
366 3544 552 3647 permultae
567 3570 609 3622 ac
629 3546 844 3622 firmissimae
861 3547 1017 3624 rationes
1033 3573 1146 3625 unum
1160 3548 1322 3625 Boetium
1340 3571 1474 3625 mons-

293 3679 400 3760 trant,
431 3677 581 3755 Cuilibet
608 3679 703 3756 enirn
728 3679 824 3756 hunc
853 3678 984 3756 librum
1014 3679 1207 3783 perlegenti
1237 3679 1473 3783 perspicuum

292 3808 430 3886 ridetur
458 3810 561 3886 illum
586 3834 606 3886 a
635 3812 725 3889 laico
752 3813 840 3912 viro,
872 3813 908 3887 in
938 3822 1013 3889 arte
1042 3813 1225 3891 dialectica
1249 3813 1470 3916 peritissimo

292 3951 478 4018 exaratum
489 3942 610 4020 luisse.
628 3945 826 4046 Huicoperi
843 3946 1077 4024 ansamdedit
1092 3947 1327 4031 Orientalium
1338 3947 1470 4051 dequo

291 4073 447 4184 diximus
469 4076 639 4176 Epistola,
657 4103 698 4156 eo
719 4079 866 4178 quidem
889 4087 1047 4181 tempore
1068 4104 1140 4179 quo
1161 4082 1332 4157 vocabula
1351 4106 1371 4159 e
1389 4106 1466 4161 me·

290 4208 472 4308 taphysica
489 4210 535 4284 ad
551 4211 764 4312 theologiam
781 4213 951 4288 translata
969 4215 1131 4289 nondum
1150 4215 1247 4316 apud
1270 4214 1410 4292 Graecos
1428 4223 1467 4293 et

290 4338 435 4420 Latinos
464 4343 632 4420 eumdem
657 4369 803 4420 sensum
830 4345 1042 4422 referebant.
1071 4348 1156 4423 Tota
1181 4348 1331 4425 materia
1355 4349 1466 4450 hujus

288 4471 377 4570 libri,
400 4473 533 4552 scilicet
552 4477 778 4577 prooemium,
800 4479 896 4578 quod
920 4479 1055 4596 caeteris
1071 4479 1182 4566 Boetii
1198 4481 1379 4586 prooemiis
1401 4505 1465 4582 ap·
