3240 5468
713 414 887 483 ..ω-

220 645 236 679 .
268 605 393 683 litteris
406 630 487 705 qua.
502 626 624 681 coram
638 602 816 702 loquenda
832 625 1067 680 servaveram.
1082 602 1276 681 llemiuisti
1292 606 1401 682 euim

221 777 236 808 »
267 762 348 814 cum
364 738 401 814 iu
416 737 566 814 concilio
580 737 753 836 legeretur
768 736 929 836 epistola,
939 736 1127 812 recitatum
1144 737 1400 837 Eutychianos

223 909 236 941 a
269 867 1398 965 ecduabusnaturisChristumconsisterecoufiteri,induabus

217 1039 235 1075 »
268 1000 1396 1103 autemnegare,catholicosveroutriquedictofidempraebere,
1468 980 1490 1055 ’-

223 1178 237 1210 2
270 1160 354 1213 uum
371 1163 410 1212 cc
425 1137 565 1213 duabus
580 1162 664 1215 eum
680 1137 816 1214 naturis
828 1136 1023 1214 consistere
1037 1135 1117 1211 etin
1131 1134 1275 1212 duabus
1290 1137 1396 1238 apud

223 1311 237 1343 2
268 1250 362 1347 rarae
375 1269 461 1347 fidei
476 1279 668 1348 sectatores
683 1271 867 1371 aequaliter
881 1271 988 1348 credi.
1007 1271 1114 1370 Cujus
1128 1267 1213 1346 dieti
1229 1269 1395 1351 novitate

222 1444 237 1476 ι
269 1426 458 1503 percussus
472 1404 601 1480 harum
615 1406 910 1504 conjunctionum
925 1430 1004 1505 quae
1023 1428 1065 1482 ex
1084 1402 1223 1479 duabus
1246 1405 1394 1485 naturis
1488 1446 1492 1457 ·

223 1572 237 1603 ι
270 1533 324 1612 rel
338 1535 375 1611 iu
391 1537 531 1613 duabus
545 1537 780 1616 consisterent
798 1538 1017 1615 differentias
1035 1535 1273 1637 inquirebam,
1295 1536 1394 1614 mul-

222 1706 237 1740 ,
271 1679 346 1746 tum
371 1669 505 1748 scilicet
530 1671 661 1748 referre
681 1681 791 1770 ratus,
814 1694 880 1748 nec
903 1670 1008 1747 inerti
1029 1668 1242 1770 negligentia
1263 1680 1393 1770 praete·

222 1841 237 1875 ι
268 1803 467 1900 reundum,
500 1805 597 1904 quod
630 1805 820 1906 episcopus
843 1804 994 1904 scriptor
1027 1801 1185 1902 epistolae
1214 1811 1392 1902 tauquam

223 1966 237 1998 ν
269 1935 371 2014 valde
389 1939 630 2014 necessarium
651 1938 832 2038 praeterire
852 1937 1035 2014 noluisset.
1055 1935 1121 2013 Hie
1139 1958 1266 2012 omnes
1286 1957 1392 2037 aper·

222 2104 237 2136 »
270 2082 342 2144 tam
357 2092 436 2146 esse
450 2069 686 2147 differentiam
703 2094 768 2148 nec
784 2071 982 2170 quidquam
997 2071 1034 2146 iu
1056 2094 1099 2147 eo
1116 2093 1194 2146 esse
1213 2068 1389 2169 caliginis,

222 2238 236 2270 .
270 2201 493 2278 inconditum
517 2202 783 2302 confusumque
808 2215 975 2304 strepere,
1001 2226 1067 2282 neo
1096 2200 1190 2278 ullus
1221 2201 1258 2277 in
1288 2211 1392 2280 tanto

220 2375 235 2408 »
268 2337 432 2432 ιυιιιιιΙῑυι
451 2337 512 2436 qui
535 2337 659 2414 leviter
686 2337 875 2437 attingeret
895 2337 1142 2437 quaestionem,
1168 2334 1303 2411 nedum
1325 2336 1393 2435 qui

220 2507 235 2541 ι
266 2468 448 2570 expediret
482 2469 647 2546 inventus
681 2478 748 2548 est.
787 2471 1001 2547 lbsederam
1033 2493 1097 2571 ego
1126 2469 1172 2545 ab
1204 2491 1247 2546 eo
1279 2491 1394 2568 quem

221 2642 235 2673 a
268 2603 420 2680 maxime
439 2603 567 2680 intueri
587 2604 776 2703 cupiebam
797 2603 938 2704 longius
958 2611 1063 2704 atque
1086 2602 1204 2699 abeo,
1224 2602 1253 2679 si
1278 2601 1394 2681 situm

220 2776 236 2805 2>
268 2735 467 2813 sedentium
485 2737 696 2834 recorderis,
713 2761 872 2834 aversus,
888 2736 1124 2837 pluribusque
1139 2735 1325 2837 oppositis,
1343 2760 1394 2815 ne

220 2899 235 2934 r
266 2870 296 2946 si
322 2870 504 2971 egerrime
534 2871 680 2972 quidem
703 2895 884 2972 cuperem,
911 2870 1047 2949 vultum
1072 2879 1274 2970 nutumque
1304 2872 1394 2970 ejus

220 3041 234 3075 »
266 3004 425 3105 aspicere
444 3013 621 3105 poteram,
637 3031 677 3081 ex
694 3029 765 3105 quo
780 3004 866 3081 mibi
879 3004 996 3105 aliqua
1012 3007 1088 3105 ejus
1104 3003 1273 3086 darentur
1287 3001 1394 3104 sigua

219 3168 234 3201 ι
263 3135 513 3234 judicii„.Tuli
524 3137 707 3236 aegerrime
721 3138 834 3214 fateor
849 3160 1150 3237 compressusque
1160 3135 1393 3213 indoctorum

221 3306 235 3337 a
267 3290 384 3367 grege,
400 3269 567 3366 conticui,
580 3278 746 3346 mutuens
763 3295 806 3346 ne
819 3272 898 3371 jure
918 3270 1057 3348 viderer
1075 3270 1224 3346 insanus
1235 3267 1265 3344 si
1278 3290 1393 3346 sanus

221 3431 237 3464 ι
268 3398 361 3475 iuter
383 3401 538 3477 furiosos
562 3402 686 3479 baberi
714 3404 977 3484 contenderem.
1005 3402 1201 3480 Meditabar
1228 3401 1390 3502 igitur....

219 3569 234 3602 a
268 3531 427 3610 Tandem
441 3544 588 3636 patuere
603 3536 761 3637 pulsanti
780 3537 901 3614 auimo
920 3538 1015 3613 lorea
1036 3544 1071 3612 et
1091 3535 1221 3613 veritas
1241 3532 1392 3612 inventa

220 3701 236 3732 »
268 3669 453 3767 querenti,
479 3668 605 3746 omnes
628 3669 779 3746 nebulas
804 3669 1016 3771 Eutychiani
1041 3669 1184 3747 r'eclusit
1205 3667 1389 3749 erroris...

220 3835 234 3869 ι
264 3800 329 3876 sed
345 3801 390 3876 ab
406 3800 474 3876 illis
489 3801 534 3876 ad
553 3815 587 3877 te
604 3811 759 3902 transeo,
776 3804 833 3880 eui
855 3804 921 3880 hoc
943 3803 1314 3904 quantulumcumque
1335 3811 1392 3879 est

192 4014 196 4023 ,
219 3970 234 4004 a
266 3931 543 4009 examinandum
560 3935 657 4035 prius
672 3935 1041 4038 perpendendumque
1053 3935 1266 4012 transmitto.
1284 3933 1391 4022 Quod

220 4103 235 4137 ι
268 4065 415 4143 sirecte
439 4089 476 4142 se
499 4065 632 4145 habere
656 4067 956 4169 pronuntiaveris,
978 4076 1061 4170 peto
1079 4075 1119 4144 ut
1138 4067 1209 4144 mei
1234 4064 1392 4143 nominis

219 4233 234 4267 a
267 4195 334 4274 hoc
361 4219 504 4298 quoque
528 4199 667 4276 inseras
692 4200 845 4296 chartis,
874 4199 929 4276 sin
954 4223 1038 4276 vero
1066 4199 1123 4278 vel
1152 4197 1393 4277 minuendum

220 4363 235 4395 ι»
267 4329 402 4430 aliquid
420 4332 478 4409 vel
497 4332 717 4430 addendum,
738 4332 794 4410 vel
815 4332 935 4432 aliqua
958 4331 1157 4412 mutatione
1174 4332 1391 4411 variandum

219 4496 235 4530 a
267 4469 331 4558 est,
353 4463 389 4545 id
409 4488 553 4564 quoque
573 4464 716 4566 postulo
735 4464 868 4543 remitti
888 4466 977 4544 meis
992 4467 1266 4568 exemplaribus,
1285 4466 1334 4547 ita
1349 4475 1393 4545 ut
