3240 5468
713 447 890 518 ..44-

271 626 389 700 Exstat
417 627 536 699 autem
567 626 622 695 sat
653 618 842 694 ambitioso
876 618 979 695 titulo
1012 617 1181 720 inscripta
1216 621 1395 722 quaedam

217 755 444 834 orientalium
476 754 725 855 episcoporum
760 749 915 851 Epistola
951 783 959 827 ε
994 751 1150 827 Ecclesia
1193 723 1397 830 orientalis

217 893 448 991 episcoporum
463 890 507 962 ud
522 888 757 987 Spmruocunc,
775 884 903 985 bisque
918 885 1035 961 verbis
1050 884 1207 963 orditur:
1230 919 1246 953 ι
1264 886 1396 963 bonus

217 1022 273 1099 ille
295 1031 329 1099 et
353 1028 491 1096 amator
515 1019 702 1096 hominum
727 1017 900 1094 Dominus
927 1025 1048 1093 noster
1077 1019 1179 1093 lesus
1208 1017 1394 1116 Christus,

219 1155 281 1255 qui
306 1161 452 1256 propter
473 1152 667 1228 bonitatem
696 1173 800 1226 suam
828 1150 865 1225 in
890 1174 967 1250 nos,
995 1149 1178 1226 declinans
1205 1149 1333 1248 coelos,
1359 1159 1397 1229 et

219 1287 440 1364 descendens
455 1287 500 1362 nd
520 1293 645 1381 terras,
662 1282 901 1360 immaculatis
918 1282 1108 1383 evangeliis
1124 1281 1284 1382 quotidie
1299 1282 1394 1358 illud

219 1421 350 1498 clamat
365 1455 374 1499 ε
390 1443 463 1495 non
480 1426 536 1495 est
552 1442 642 1519 opus
657 1418 858 1493 valentibus
877 1417 1028 1512 medico,
1050 1417 1111 1493 sed
1132 1415 1224 1493 male
1245 1416 1396 1494 baben-

220 1553 365 1631 tibus....
391 1558 457 1632 etc.
486 1587 501 1620 υ
526 1554 614 1628 Tum
641 1549 854 1652 profitentur
872 1573 1059 1625 romanum
1082 1548 1288 1650 pontificem
1310 1573 1395 1628 esse

221 1685 329 1761 totius
345 1683 507 1761 Eeclesiae
517 1682 707 1783 praesulem
724 1715 732 1760 ε
750 1690 950 1782 queruntur
966 1690 1055 1758 seut
1065 1681 1249 1759 haereticos
1262 1681 1394 1759 baberi

219 1827 254 1895 et
277 1820 506 1896 anathemate
524 1816 678 1920 percelli,
705 1817 766 1893 sed
786 1816 976 1893 immerito.
1003 1816 1224 1892 Confitentur
1247 1823 1395 1917 patrem

222 1952 386 2030 leucium
412 1951 617 2051 deliquisse,
638 1974 761 2028 rerum
782 1973 855 2026 non
874 1949 923 2025 ita
942 1956 981 2024 ut
1000 1948 1138 2050 publice
1158 1947 1396 2025 communio·

221 2110 304 2162 nem
323 2109 405 2161 cum
426 2084 504 2185 ipso
525 2085 737 2184 abrumpere
757 2106 902 2159 necesse
923 2081 978 2157 sit.
995 2085 1072 2157 Non
1093 2080 1187 2158 euim
1209 2080 1327 2182 agitur
1346 2081 1396 2159 de

220 2219 293 2295 fide
321 2218 526 2314 christiana,
559 2240 666 2318 quam
696 2216 741 2293 ad
772 2226 922 2295 mortem
952 2240 1067 2317 usque
1092 2215 1282 2294 defendere
1313 2241 1397 2296 sese

221 2352 365 2446 paratos
380 2344 575 2430 affirmant.

279 2507 293 2539 «
313 2476 466 2574 Festina,
479 2473 657 2574 inquiunt,
668 2484 704 2550 et
714 2474 785 2551 noli
803 2476 943 2552 tardare
957 2474 1002 2551 ad
1016 2475 1168 2552 Orientis
1179 2472 1397 2554 auxilium...

227 2640 242 2672 r
273 2616 308 2686 et
339 2608 431 2683 inter
460 2606 549 2682 duas
582 2606 746 2682 diabolici
780 2607 855 2683 vias
889 2607 1019 2684 erroris
1050 2607 1254 2708 Eutychetis
1283 2615 1399 2708 atque

227 2776 242 2812 a
274 2740 424 2817 Nestorii
441 2739 594 2834 tertiam,
613 2739 686 2815 imo
703 2740 869 2839 mediam,
887 2741 990 2817 nobis
1005 2740 1172 2818 ostendas
1186 2741 1398 2841 expressius

227 2905 242 2937 r
273 2874 346 2953 veri
376 2874 532 2974 rectique
555 2872 732 2974 dogmatis
752 2873 895 2951 viam...
911 2874 1117 2949 Docuernnt
1136 2872 1255 2949 Sancti
1280 2872 1331 2947 illi
1352 2883 1399 2951 et

226 3041 242 3071 »
274 3006 366 3083 beati
394 3007 536 3082 Patres¹
561 3028 671 3081 unam
696 3005 786 3081 scire
811 3029 1040 3106 personum...
1061 3029 1104 3082 er
1125 3005 1264 3081 duabus
1284 3006 1401 3082 subs-

227 3175 243 3207 »
274 3137 395 3214 tentiis
431 3145 466 3213 ct
503 3137 658 3236 naturis,
694 3136 731 3212 in
765 3136 904 3214 duabus
938 3138 1146 3215 substantiis
1173 3146 1209 3214 et
1235 3138 1399 3240 naturis,

229 3299 244 3332 ν
274 3265 394 3369 magni
418 3269 480 3345 Dei
506 3279 540 3345 et
565 3267 756 3345 Salvatoris
779 3272 890 3347 nostri
918 3273 1000 3347 lesu
1026 3271 1166 3349 Christi.
1191 3273 1260 3347 Nos
1284 3270 1400 3372 enim,

229 3435 244 3468 υ
276 3400 791 3481 osanctissimeetbeatissime
803 3404 1205 3506 Symmaehe,eumdem
1215 3427 1292 3480 esse
1306 3404 1401 3480 exis·

230 3565 245 3599 r>
277 3536 446 3614 timemus
468 3563 507 3613 ce
529 3538 667 3615 duabus
691 3538 840 3634 naturis,
860 3554 891 3614 et
910 3540 949 3613 in
968 3538 1108 3614 duabus
1133 3538 1321 3613 naturis...
1350 3561 1400 3614 ex

230 3699 244 3730 r
275 3669 415 3746 duabus
443 3669 540 3747 enim
570 3671 740 3767 dicentes,
770 3695 810 3747 ea
841 3670 971 3770 quibus
1000 3669 1162 3746 subsistit
1190 3669 1327 3764 unitas3
1357 3668 1399 3745 in

260 3929 270 3964 ¹
291 3927 382 3980 Patres
403 3931 503 3980 scilieet
514 3930 623 3983 concilii
643 3932 871 3997 Chalcedonensis,
885 3932 1044 3983 oecumenici
1054 3933 1097 3997 IV,
1120 3933 1148 3983 in
1161 3945 1213 3997 quo
1232 3930 1341 3982 recitata
1354 3937 1399 3983 est

227 4023 313 4059 coram
326 4008 373 4060 630
385 4010 514 4074 episcopis
535 4012 691 4076 percelebris
703 4014 747 4064 illa
769 4014 795 4065 S.
811 4014 906 4065 Leonis
928 4029 1000 4078 papae
1021 4015 1053 4064 ad
1073 4014 1225 4064 Flavianum
1241 4012 1350 4078 epistola
1361 4011 1398 4062 de

226 4089 413 4140 lucarnationis
426 4091 558 4156 mysterio.
572 4094 659 4144 Liceat
672 4095 734 4144 hine
746 4109 827 4158 pauca
839 4095 977 4145 desumere
990 4112 997 4145 ε
1012 4114 1022 4142 ι
1036 4096 1146 4159 Propter
1157 4095 1226 4145 hanc
1238 4108 1301 4158 ergo
1312 4093 1398 4143 unita-

226 4174 280 4218 tem
292 4183 410 4232 personae
421 4169 448 4218 in
463 4176 571 4234 utraque
583 4178 674 4223 natura
687 4174 886 4238 intelligendam
898 4212 904 4233 ‚
919 4179 946 4224 et
957 4176 1036 4225 Filius
1050 4175 1164 4224 hominis
1176 4173 1270 4239 legitur
1281 4175 1396 4224 descen-

227 4248 294 4299 disse
305 4250 336 4299 de
349 4252 425 4314 coelo,
438 4268 518 4316 quum
530 4255 609 4305 Filius
622 4256 668 4306 Dei
680 4271 786 4306 carnem
799 4258 831 4306 de
844 4271 874 4306 ea
884 4257 988 4322 Virgine
1001 4259 1033 4307 de
1046 4272 1096 4320 qna
1108 4263 1184 4307 natus
1196 4262 1235 4308 est
1247 4269 1396 4319 assumpse-

227 4331 277 4394 rit3
295 4337 322 4381 et
334 4347 424 4383 rursus
437 4334 516 4385 Filius
537 4335 673 4386 crucifixus
684 4336 780 4385 dicitur
795 4340 821 4385 et
841 4337 966 4400 sepultas,
979 4351 1060 4400 quum
1072 4337 1128 4386 haec
1139 4351 1192 4386 non
1214 4337 1242 4385 in
1262 4335 1396 4385 divinitate

229 4411 301 4474 ipsa,
316 4427 367 4476 qua
386 4414 541 4479 Unigenitus
561 4417 734 4478 sempiternus
747 4420 774 4464 et
787 4416 1013 4467 consubstantialis
1028 4421 1068 4466 est
1081 4416 1169 4479 Petri,
1190 4415 1237 4466 sed
1255 4416 1282 4464 in
1295 4418 1395 4466 nature

229 4489 349 4541 humanae
363 4492 396 4543 sit
407 4494 558 4545 infirmitate
570 4510 716 4560 perpessus.
731 4511 743 4544 a
759 4495 821 4545 Haec
832 4496 967 4548 audientes
980 4498 1178 4547 conclamarunt
1188 4495 1280 4545 Patres
1293 4511 1300 4544 ε
1315 4511 1324 4540 ι
1340 4492 1395 4545 Nos

228 4567 264 4619 ita
278 4571 418 4636 credimus,
430 4573 522 4625 Petrus
533 4589 581 4639 per
592 4576 706 4626 Leonem
718 4576 819 4628 locutus
831 4582 879 4628 est.
896 4596 907 4625 ι
