3240 5468
726 389 905 461 ..30-

230 617 249 652 a
267 582 369 660 nohis
379 582 508 682 dicere,
519 581 616 681 apud
631 604 723 682 ques
737 577 1046 680 sciuntsapientes
1057 577 1141 653 talia
1151 576 1330 678 cogitasse
1341 579 1367 658 ¹,
1390 615 1409 648 »

227 720 317 794 Cum
336 725 458 793 autem
473 725 547 792 arte
557 717 692 790 tactum
707 714 819 790 Boetii
836 736 929 814 epus
944 712 990 788 ad
1001 710 1274 788 Gundehuldnm
1287 720 1412 791 trans·

227 850 334 926 mittit
364 847 615 945 Theodericus,
647 845 718 922 alia
750 845 900 947 epistula
932 844 1067 920 donum
1095 843 1296 945 comitatur,
1322 869 1411 946 qum

227 983 414 1083 sequentia
428 981 610 1058 continet:
632 1013 647 1044 α
669 978 788 1055 Discat
808 977 990 1054 subvehis
1012 977 1218 1077 Burgundio
1238 1001 1295 1055 res
1313 978 1411 1055 sub-

232 1154 248 1184 »
267 1115 449 1192 tilissimas
474 1115 660 1214 inspicere,
686 1122 720 1189 et
740 1111 971 1212 antiquorum
991 1111 1134 1188 inventa
1149 1110 1295 1188 laudare
1316 1139 1326 1186 ε
1338 1136 1412 1212 per

154 1347 159 1355 .
233 1286 249 1317 ι
268 1277 351 1351 ques
360 1250 577 1350 propesitum
591 1247 717 1346 gent-ite
730 1248 881 1349 deponit,
898 1253 933 1322 et
947 1245 1034 1322 dum
1054 1244 1283 1346 prudentiam
1308 1246 1412 1347 regis

234 1420 250 1452 a
273 1383 330 1459 sui
362 1381 519 1483 respicit,
550 1383 632 1481 jure
668 1379 762 1457 factu
797 1378 1015 1480 sapientium
1052 1378 1282 1481 concupiscit.
1322 1379 1414 1461 Dia-

235 1551 251 1584 »
270 1516 408 1616 tinguat
432 1515 548 1617 spatia
573 1513 644 1590 diei
664 1514 803 1590 actibus
823 1513 910 1609 suis,
931 1512 1104 1590 horarum
1124 1512 1309 1614 aptissime
1323 1537 1415 1590 mo-

233 1683 250 1718 »
270 1657 390 1727 menta
407 1648 600 1726 constituat
608 1642 633 1722 ¹.
649 1682 667 1719 e
691 1647 777 1723 Fam
794 1647 824 1722 si
841 1647 1002 1725 ethnicus
1016 1644 1143 1724 fuisset
1157 1646 1313 1743 Boetius,
1330 1671 1414 1727 suae

229 1782 318 1860 artis
332 1782 587 1859 miraculorum
603 1753 682 1883 dpe,
698 1779 915 1882 Burgundiae
938 1805 981 1857 ex
999 1779 1202 1881 paganitate
1221 1778 1265 1857 ad
1289 1778 1412 1857 chris-

231 1917 366 1993 tianam
406 1916 517 1993 fidem
549 1915 811 2012 convertendoe,
847 1917 950 2014 juxta
990 1913 1198 1992 Theoderici
1236 1921 1411 2012 mentem,

229 2051 336 2127 etiam
367 2050 443 2150 ipse
470 2059 594 2127 auctor
622 2049 761 2129 fuisset.
791 2049 893 2138 Quod
917 2049 1062 2149 quidem
1087 2047 1342 2128 inconveniens
1370 2059 1411 2129 et

228 2181 440 2261 incredibile
459 2183 612 2261 ridetur.
1369 2193 1374 2199 ’

246 2368 248 2372 <
285 2316 407 2393 Exstat
436 2324 472 2393 et
502 2315 571 2392 ulia
607 2316 815 2396 Theoderici
844 2316 994 2417 epistola
1021 2316 1067 2394 ad
1095 2315 1271 2408 Boetium,
1295 2328 1409 2414 quam

232 2448 340 2548 paule
365 2457 447 2526 ante
472 2449 648 2527 Cledevaei
676 2453 900 2528 Francorum
924 2449 1017 2549 regis
1045 2450 1083 2525 in
1116 2448 1305 2527 Alcmenes
1338 2449 1409 2528 vie-

226 2583 360 2660 -teriam
393 2578 500 2680 (496)
528 2586 768 2687 conscriptam
793 2610 871 2662 esse
896 2593 1017 2662 censet
1046 2583 1233 2661 herenius.
1259 2583 1409 2661 Nuntiat

233 2715 474 2810 Theodericus
501 2718 724 2794 Francorum
753 2743 874 2818 regem
903 2718 1018 2795 enixis
1043 2717 1207 2818 precibus
1235 2715 1408 2794 citharoe-

231 2847 318 2925 dum
346 2850 547 2950 erpetiisse,
572 2875 613 2929 ac
637 2859 739 2952 rogat
760 2851 935 2947 Boetium,
955 2851 1101 2928 musicae
1120 2849 1288 2952 peritum,
1309 2850 1409 2928 hunc

230 2982 413 3060 hominem
429 2984 559 3085 eligere
574 2995 608 3062 et
628 2985 672 3062 ad
692 2987 848 3062 Francos
877 2987 1127 3064 transmittere.
1156 2983 1339 3061 Permulta
1362 2986 1409 3062 de

230 3115 378 3192 musicae
404 3115 522 3214 laude,
556 3118 661 3213 tonis,
694 3117 820 3213 modis,
849 3119 1011 3195 numeris
1030 3119 1067 3193 in
1091 3141 1156 3194 sua
1176 3115 1325 3217 epistola
1345 3141 1409 3195 rer

232 3247 384 3323 disserit.
407 3248 576 3335 Quaedam
594 3256 714 3325 autem
735 3249 839 3327 allata
856 3259 941 3326 sunt
957 3275 1037 3350 quae
1052 3251 1096 3327 ad
1112 3251 1275 3327 Boetium
1295 3250 1411 3327 ethni·

232 3402 314 3455 cum
329 3379 423 3457 dieta
438 3381 572 3460 absona
589 3407 748 3485 prorsus,
761 3385 834 3462 ime
850 3394 884 3461 et
901 3384 1086 3462 insolentia
1103 3385 1246 3462 ferent:
1268 3420 1284 3452 α
1302 3385 1410 3462 llise-

232 3546 251 3584 »
270 3514 360 3608 ratie
388 3514 507 3592 divina
529 3516 688 3594 localiter
716 3519 845 3618 sparsit
879 3519 1041 3619 gratiam,
1070 3519 1157 3596 dum
1187 3519 1307 3595 emnia
1341 3544 1411 3596 sua

227 3680 253 3743 3»
272 3645 372 3725 valde
386 3646 470 3724 feeit
485 3673 563 3726 esse
578 3649 796 3726 laudanda...
815 3653 1018 3748 Loquamur
1038 3650 1082 3727 de
1106 3650 1168 3728 ille
1191 3650 1365 3729 Psalterie
1387 3677 1410 3729 e

235 3817 252 3852 a
270 3779 358 3856 coele
374 3778 489 3880 lapse,
509 3782 607 3882 qued
632 3783 685 3856 vir
705 3791 779 3859 tete
798 3783 883 3859 erbe
899 3783 1097 3880 cantabilis,
1113 3784 1161 3860 ita
1182 3782 1409 3861 modulatum

233 3945 254 4010 νιι
277 3935 341 4012 pre
365 3911 494 3988 enimae
519 3914 690 4014 sospitate
711 3914 912 4017 compesuit
933 3923 972 3990 ut
992 3915 1045 3991 his
1066 3916 1210 4018 hymnis
1229 3924 1263 3994 et
1278 3915 1408 3994 mentis

73 4120 86 4139 ,
236 4044 419 4121 »vulnera
443 4055 659 4124 sanarentur
687 4057 721 4124 et
746 4047 942 4124 divinitatis
965 4049 1155 4149 singularis
1176 4051 1289 4150 gratia
1317 4074 1408 4126 cen-

255 4454 285 4521 „t'
301 4456 429 4527 Camied„
444 4458 519 4524 Ver„
530 4460 576 4514 hh.
589 4460 610 4532 l.
623 4474 667 4527 sp.
679 4459 751 4533 XLV.

265 4535 281 4572 ⁸
299 4532 380 4599 teu..
396 4552 439 4604 ep.
450 4538 536 4594 XLVI.
