3240 5468
734 431 912 501 ..20-

238 619 469 720 parietibus·
499 632 669 696 exornata
694 631 786 717 erat,
812 642 1025 696 asservasse.
1048 619 1161 718 Hujus
1185 617 1270 717 loci,
1295 620 1417 695 llusis

236 752 402 850 dedicati,
418 755 628 830 memorium
648 753 734 831 fucit
747 753 902 851 Boetius,
920 778 1003 830 cum
1024 753 1060 827 in
1075 752 1238 829 custodia
1252 752 1415 855 positus,

235 882 474 987 Philosophiae
498 888 693 988 alloquenti
722 888 938 988 respondet:
970 919 984 951 ι
1012 887 1175 963 Haeccine
1198 896 1254 962 ost
1276 886 1415 964 biblio-

238 1053 256 1088 s
288 1020 407 1118 theca,
428 1045 538 1121 quam
555 1021 794 1098 certissimam
810 1021 869 1097 tibi
893 1021 1016 1098 sedem
1034 1021 1165 1098 nostris
1191 1020 1228 1096 in
1256 1021 1413 1099 Laribus

238 1190 255 1222 ι
288 1157 367 1257 ipsa
382 1156 589 1258 delegeras?
612 1157 654 1232 ln
679 1179 752 1257 qua
770 1179 912 1232 mecum
928 1179 1022 1256 saepe
1038 1154 1198 1231 residens
1213 1155 1258 1231 de
1272 1154 1413 1232 huma·-

236 1323 254 1358 s
287 1314 417 1366 narum
439 1290 716 1390 divinarumque
738 1314 861 1368 rerum
886 1289 1035 1366 scientia
1058 1288 1288 1365 disserebas?
1308 1289 1412 1366 Talis

238 1458 255 1493 ι
287 1423 444 1522 habitus,
461 1423 612 1525 talisque
626 1422 747 1501 vultus
760 1435 858 1523 erat,
880 1449 962 1501 curn
983 1433 1100 1500 tecum
1114 1432 1252 1499 naturae
1266 1432 1411 1500 secreta

236 1592 253 1628 s
288 1559 449 1656 rimarer,
464 1584 546 1637 eum
569 1559 655 1634 mihi
673 1558 832 1636 siderum
847 1559 924 1637 rias
947 1557 1047 1635 radio
1066 1556 1297 1654 describeres,
1319 1581 1410 1635 oum

236 1727 254 1763 ι
284 1719 405 1772 mores
419 1705 560 1772 nostros
570 1756 582 1796 ‚
611 1694 794 1794 totiusque
809 1695 891 1771 ritae
907 1693 1083 1771 rationem
1106 1692 1152 1769 ad
1167 1691 1320 1770 coelestis
1337 1717 1407 1769 or-

235 1861 253 1896 »
284 1828 379 1904 dinis
393 1827 556 1929 exempla
575 1829 749 1904 formares
765 1829 787 1902 ¹.
815 1865 832 1895 ι

285 1963 398 2063 lgitur
416 1964 565 2039 florente
581 1965 728 2062 juventa
742 1974 778 2040 et
802 1993 818 2022 «
843 1961 1120 2036 multiformibus
1134 1962 1292 2037 Fortuna
1306 1960 1405 2037 lucis

231 2095 438 2172 blandiente
460 2127 475 2159 ι
503 2095 590 2172 sirit
613 2096 759 2173 Boetius
778 2094 913 2194 integer
932 2095 1012 2172 vitre
1033 2093 1250 2193 scelerisque
1274 2116 1402 2192 purus,

230 2229 388 2306 maximo
412 2228 649 2330 philosophiae
671 2229 792 2305 studio
809 2229 988 2304 detentus.
1010 2227 1276 2304 llathematicas
1291 2226 1405 2302 disci-

231 2362 371 2462 plinas,
396 2362 681 2457 arithmeticam,
711 2363 908 2457 musicam,
937 2361 1265 2458 astronomiamque
1292 2359 1401 2435 celeri

231 2519 349 2595 penna
360 2496 568 2596 pervolavit,
583 2520 624 2573 ac
639 2495 893 2595 philosophicis
907 2506 1002 2572 totus
1014 2493 1212 2594 disciplinis
1226 2493 1401 2570 incubuit.

228 2627 271 2703 In
287 2627 577 2704 mathemathicis
597 2629 715 2728 priora
735 2630 939 2705 Graecorum
962 2629 1107 2704 inventa
1123 2625 1170 2701 ad
1189 2625 1401 2701 latinorum

228 2784 334 2834 usum
354 2763 541 2859 convertit,
558 2761 614 2837 rel
627 2760 828 2837 dilucidiori
843 2761 967 2836 ordine
981 2759 1167 2859 disposuit.
1184 2761 1269 2858 Ejus
1283 2757 1403 2832 arith-

227 2894 357 2971 metica
385 2895 422 2971 in
447 2895 540 2973 duos
564 2896 694 2996 partita
717 2896 845 2991 libros,
872 2920 893 2972 a
914 2892 1118 2971 Nicomachi
1137 2916 1247 2992 opere
1265 2889 1400 2991 partim

218 3023 429 3127 desumpto,
450 3028 512 3103 sed
530 3030 567 3104 in
581 3028 864 3106 commodiorem
879 3051 987 3104 usum
1005 3025 1194 3103 emendata
1210 3036 1265 3103 est
1280 3023 1304 3099 ³.
1331 3023 1400 3100 His

225 3158 432 3234 methodum
449 3183 555 3235 suum
567 3161 738 3238 describit
753 3163 897 3240 Boetius
911 3159 925 3201 ³
940 3196 949 3239 :

281 3326 297 3359 ι
330 3292 379 3367 Eu
394 3318 474 3393 quee
488 3292 534 3370 de
553 3294 714 3372 numetis
737 3321 758 3372 a
783 3294 999 3372 Nicomacho
1023 3294 1191 3369 diffusius
1209 3295 1396 3394 disputata

227 3461 242 3492 ι
273 3434 370 3521 sunt,
383 3426 568 3505 moderata
582 3429 755 3505 brevitate
770 3429 906 3529 collegi.
924 3430 965 3502 Et
981 3453 1062 3527 quae
1076 3438 1283 3502 transcursa
1293 3427 1399 3502 velo·

157 3604 163 3613 ·
225 3588 241 3619 ι
272 3556 1397 3661 ciusangustiuremintelligentiaeprestabantaditummedio-

224 3727 240 3758 s
270 3689 322 3765 cri
335 3690 536 3791 adiectione.
545 3694 713 3791 reserari,
727 3693 975 3792 utaliquando
984 3692 1031 3769 ad
1043 3691 1394 3770 eridenriamrernm

224 3858 240 3889 »
272 3824 403 3899 nostris
417 3825 526 3900 etiam
540 3824 707 3901 formulis
721 3849 763 3903 ac
778 3826 1075 3926 descriptionibus
1091 3836 1282 3905 uteremur.
1303 3870 1319 3901 0

274 3955 481 4033 Doctrinam
498 3958 544 4034 de
560 3961 718 4036 numeris
736 3960 783 4036 ad
805 3960 980 4038 unitatem
1002 3963 1040 4038 in
1059 3962 1189 4039 Decet
1210 3985 1392 4064 persona-

217 4113 298 4166 rum
313 4090 525 4169 Trinitatem
544 4093 806 4192 explanandam
823 4093 970 4173 adhibet
988 4096 1154 4193 Boetius,
1173 4096 1212 4174 in
1234 4097 1329 4174 libro
1342 4095 1391 4174 de

248 4416 259 4450 ¹
281 4415 399 4469 Consul..
409 4417 456 4470 tib.
468 4418 489 4469 t.
502 4433 528 4482 p.
540 4418 565 4470 l.

244 4497 258 4528 ¹
279 4495 320 4545 ne
330 4497 449 4548 arrum.
462 4498 556 4561 aas.
567 4499 666 4566 atavae.
681 4498 801 4553 amm.
812 4499 864 4553 eu.
879 4502 947 4555 tou.

245 4573 259 4607 τ
277 4574 360 4635 rora,
374 4591 400 4626 e.
413 4578 517 4628 mss
532 4577 602 4630 ross.
