3240 5468
726 423 902 496 „80-

231 629 378 702 uterne,
401 620 575 714 praecavet
588 615 629 688 ll.
647 612 802 689 Thomas
816 612 902 690 dum
922 613 1122 692 luculenter
1139 613 1224 691 dicit
1245 649 1253 694 ε
1274 654 1290 689 a
1313 617 1407 694 Cum

229 746 307 846 ipsa
321 746 533 825 intellectiva
550 746 662 825 virtus
682 754 854 822 creaturae
868 770 939 822 uou
957 749 1003 824 cit
1016 748 1088 824 Dei
1104 749 1264 839 caecutio,
1290 749 1407 828 relin-

229 880 352 979 quitur
366 880 460 980 quod
477 879 523 955 sit
538 878 656 979 aliqua
669 880 914 980 participative
928 880 1117 957 similitudo
1130 880 1254 982 ipsius,
1271 883 1333 984 qui
1348 891 1406 961 est

228 1013 366 1114 primus
392 1013 604 1091 intellectus.
635 1012 736 1090 Unde
762 1022 796 1090 et
820 1012 933 1091 virtus
960 1013 1209 1092 intellectualis
1228 1024 1414 1093 creaturae

229 1146 346 1222 lumen
361 1149 529 1247 quoddam
549 1145 763 1245 iutellipibile
777 1146 918 1244 dicitur,
935 1147 1039 1247 quasi
1055 1172 1077 1222 u
1086 1144 1205 1247 primu
1220 1148 1294 1224 luce
1312 1151 1404 1224 deri·

228 1296 366 1371 ouium,
392 1282 466 1360 sire
490 1281 556 1358 hoc
584 1280 800 1382 intelligatur
824 1280 868 1359 de
897 1281 1025 1359 virtute
1052 1281 1221 1380 naturali,
1252 1283 1328 1362 sive
1356 1283 1404 1360 de

228 1413 348 1515 aliqua
363 1414 581 1516 perfectione
597 1414 827 1518 superaddita
843 1414 964 1516 gratiae
985 1415 1043 1492 vel
1058 1413 1177 1515 gloriae
1187 1413 1245 1494 ta
1268 1450 1283 1484 a
1303 1417 1404 1494 Inest

101 1538 109 1549 ”
229 1551 342 1648 (ergo)
372 1548 564 1650 unicuique
591 1548 729 1625 homini
761 1548 943 1649 quoddam
977 1547 1193 1649 principium
1225 1544 1402 1648 scientiae,

228 1681 361 1760 scilicet
382 1682 504 1760 lumen
527 1682 729 1761 intellectus
753 1683 902 1783 agentis,
927 1706 990 1783 per
1013 1681 1110 1782 quod
1134 1680 1412 1784 cognoscuntur·

226 1818 343 1893 atatim
357 1819 564 1918 upriucipio
581 1817 793 1894 naturaliter
807 1815 973 1918 quedam
990 1815 1402 1918 universaliapriucipia

226 1949 388 2026 omnium
410 1949 639 2029 scientiarum
648 1945 672 2028 ².
693 1991 708 2026 a
732 1951 928 2039 Oniescunt
948 1950 1042 2028 enim
1067 1973 1108 2028 ac
1129 1950 1403 2051 quodammodo

227 2082 332 2182 sopiti
361 2090 507 2160 manent
530 2091 632 2160 actus
657 2083 830 2161 virtutum
859 2105 901 2163 ac
932 2084 1175 2186 potentiarum
1194 2083 1332 2162 *animae
1360 2083 1401 2159 in

226 2238 351 2298 eorum
392 2216 574 2293 habitibus
588 2213 611 2296 ³.
653 2219 736 2295 Haec
778 2226 877 2314 sunt,
917 2219 1017 2318 juxta
1059 2217 1199 2296 divnm‘
1222 2216 1408 2295 Thomam‘

229 2380 244 2414 α
276 2348 442 2448 quaedam
466 2349 709 2429 inchoationes
732 2349 917 2451 virtutum,
946 2372 1025 2428 »aa
1051 2390 1066 2424 a
1089 2349 1254 2451 quedam
1279 2350 1411 2428 scien-x

225 2481 355 2560 tiarnm
387 2480 559 2560 semina⁴.
596 2522 612 2556 a
645 2481 888 2570 QuodBoetii
909 2483 1083 2562 'doctrina'
1112 2483 1196 2560 hnic
1224 2482 1401 2562 consonet

224 2614 343 2692 nullas
366 2614 505 2692 inficias
528 2615 603 2714 ibit,
630 2617 689 2716 qui
715 2616 785 2694 alia
810 2618 988 2717 permulta
1007 2617 1120 2695 Boetii
1143 2616 1222 2695 loca
1241 2618 1335 2696 inter
1358 2641 1417 2695 se·

224 2749 392 2827 conferet.
428 2750 551 2850 Itaque
583 2749 628 2828 de
660 2749 924 2827 Praeexistentia
956 2750 1158 2828 animarum
1183 2750 1397 2850 doctrinam,
1480 2846 1486 2855 Ι

222 2882 419 2960 rationibus
444 2882 594 2961 minime
612 2883 696 2960 fidei
717 2883 919 2961 christianae
934 2883 1219 2987 adversantibus,
1235 2884 1395 2984 admisit,

222 3024 260 3091 ut
275 3016 476 3094 enodantur
490 3015 758 3116 dnaeimprimis
773 3015 988 3094 difficillimae
1003 3019 1217 3118 quaestiones
1229 3047 1237 3094 ε
1249 3042 1394 3120 nempe,

257 3424 267 3462 ί
290 3425 339 3489 lp.
357 3439 400 3489 qn.
415 3437 462 3485 xn,
475 3439 499 3475 a.
512 3424 537 3479 d.

254 3505 267 3545 ¹
288 3509 299 3558 l
315 3523 340 3572 p.
355 3522 398 3572 qu,
412 3519 490 3572 cxvn,
505 3523 528 3558 a.
542 3504 566 3558 l.

255 3593 267 3625 ³
288 3605 301 3638 a
316 3589 382 3650 Quia
395 3588 500 3653 (anima)
511 3603 564 3639 non
576 3602 680 3653 semper
692 3595 732 3640 est
743 3596 802 3641 actu
816 3589 976 3655 intelligens,
991 3594 1020 3639 ut
1033 3593 1104 3654 patet
1116 3584 1144 3639 in
1156 3584 1319 3647 dormiente,
1333 3585 1393 3637 ideo

219 3675 321 3734 oportet
332 3670 420 3721 dicere
433 3671 501 3734 quod
512 3675 603 3732 actus,
627 3671 676 3720 etsi
688 3685 742 3720 non
755 3685 860 3735 semper
873 3675 998 3720 maneant
1012 3671 1039 3718 in
1051 3669 1160 3733 seipsis,
1182 3672 1291 3718 manent
1302 3671 1393 3718 tamen

219 3764 323 3814 semper
335 3751 363 3800 in
373 3751 426 3801 suis
437 3750 582 3814 principiis,
594 3749 695 3800 seilicet
706 3750 829 3815 potentiis
841 3755 867 3801 et
878 3749 1012 3799 habitibus
1026 3749 1045 3813 (Ι
1062 3764 1087 3813 p.
1101 3763 1144 3813 qu.
1156 3761 1232 3813 xctn,
1247 3762 1271 3799 a.
1284 3749 1320 3811 i.)
1333 3766 1343 3794 ι

252 3834 266 3867 ⁴
285 3830 416 3881 Virtutum
429 3830 533 3879 habitus
551 3834 612 3879 ante
633 3844 724 3880 earum
745 3829 998 3880 consummationem
1019 3828 1188 3892 praeexistunt
1205 3828 1233 3877 in
1252 3826 1344 3888 nobis,
1364 3825 1393 3874 ln

219 3908 374 3973 quibusdam
385 3908 546 3960 naturalibus
560 3909 781 3971 inclinationibus,
796 3923 854 3974 quae
867 3914 929 3960 sunt
940 3909 1059 3973 quaedam
1073 3907 1199 3957 virtutum
1213 3905 1395 3956 inchoationes

218 3989 367 4054 sedpostea
387 4002 434 4052 per
452 3989 605 4038 exercitium
625 4003 736 4053 operum
757 3990 921 4039 adducuntur
944 3989 971 4038 in
992 3988 1108 4039 debitam
1130 3984 1393 4037 consummationem.

219 4066 345 4118 Similiter
355 4065 434 4115 etiam
447 4066 587 4116 dicendum
599 4072 638 4118 est
648 4067 681 4117 de
693 4067 809 4118 scientiae
822 4067 1003 4132 acquisitione,
1016 4067 1084 4131 quod
1098 4064 1267 4130 praeexistunt
1278 4063 1306 4112 in
1316 4063 1393 4114 nobis

218 4145 339 4210 quaedam
351 4145 520 4195 scientiarum
531 4146 640 4208 semina,
651 4147 752 4199 scilieet
765 4148 856 4212 primae
869 4147 1052 4211 conceptiones
1063 4143 1222 4202 intellectus,
1234 4153 1292 4204 quae
1303 4139 1393 4190 statim

218 4225 317 4276 lumine
338 4224 487 4275 intellectus
500 4226 601 4291 agentis
620 4233 812 4293 cognoscuntur
831 4243 879 4292 per
895 4228 997 4292 species
1016 4239 1032 4274 a
1053 4221 1220 4273 sensibilibus
1239 4221 1391 4282 abstractas,

219 4301 273 4352 sive
285 4301 339 4351 sint
350 4303 494 4367 complexa,
508 4308 536 4353 ut
547 4304 696 4369 dignitates,
709 4305 763 4355 sive
775 4305 948 4368 incomplexe,
962 4310 990 4355 ut
1001 4303 1067 4354 ratic
1079 4303 1150 4354 entia
1165 4308 1191 4352 ct
1203 4302 1289 4364 unius,
1302 4305 1330 4350 et
1340 4300 1391 4350 hu·

215 4382 341 4445 jusmodi,
353 4396 411 4446 quae
424 4383 511 4433 statim
525 4383 674 4435 intellectus
687 4385 866 4448 apprehendit.
882 4386 913 4434 In
934 4385 990 4436 istis
1005 4387 1093 4434 autem
1105 4381 1241 4447 principiis
1253 4380 1391 4430 uniuersa-

218 4461 286 4512 libus
297 4463 384 4512 amnia
395 4463 522 4528 principia
534 4464 722 4529 includuntur,
745 4465 812 4516 sicut
832 4465 859 4515 in
882 4464 1037 4530 quibusdam
1058 4462 1202 4513 rationibus
1220 4459 1392 4513 seminalibus

219 4540 271 4607 (De
283 4542 371 4602 uerit..
384 4557 427 4607 qu.
441 4556 480 4606 11,
491 4557 516 4594 a,
529 4543 564 4607 il.
