3240 5468
759 435 935 507 ...88-

258 627 351 706 uotio
365 625 543 704 antecedit
558 625 669 707 animi
684 626 822 728 egentis
842 625 998 728 rigorem
1014 635 1140 706 etcum
1157 629 1434 711 determinando

259 768 449 863 prorocut3
469 784 541 838 nou
561 760 656 840 enim
680 784 777 838 mere
797 759 936 862 passive
957 785 995 838 se
1015 761 1121 842 habet
1135 763 1278 841 enimus
1295 764 1333 842 in
1349 789 1447 844 sen-

258 892 391 994 tiendo,
416 892 479 972 sed
504 901 584 995 post
603 893 800 994 subjectum
820 894 961 995 corpori
982 895 1197 996 passionem,
1216 897 1326 974 exerit
1346 922 1434 976 suas

259 1025 351 1104 vires
366 1005 508 1104 unimus
523 1051 565 1104 uc
579 1051 699 1104 rerum
715 1025 898 1105 notionem
912 1027 1091 1106 intellectu
1106 1029 1282 1107 efformet.

596 1348 741 1415 Praecedit
754 1357 853 1412 tamen
867 1350 996 1413 excitans

596 1457 639 1520 tte
653 1456 730 1520 vires
743 1456 834 1519 animi
847 1477 966 1522 movens

596 1563 667 1632 Vivo
682 1564 714 1626 in
728 1581 852 1646 corpore
864 1566 982 1648 pessi03

595 1671 692 1745 Quum
706 1671 751 1734 rel
767 1671 818 1733 lux
833 1673 933 1735 oeulos
948 1673 1016 1736 ferit

599 1776 652 1841 Vei
666 1796 720 1841 vor
731 1777 852 1841 auribus
866 1778 1013 1862 instrepit.

594 1884 668 1950 Tum
684 1885 791 1949 mentis
804 1885 887 1966 vigor
901 1886 1022 1964 excitus,

594 1992 673 2065 Quas
687 1992 773 2056 intus
781 1994 897 2075 species
909 2002 1001 2070 tenet,

595 2098 639 2162 Ad
655 2106 751 2162 motus
766 2099 878 2163 similes
892 2119 1009 2176 vocans,

593 2203 681 2267 Notio
694 2205 821 2288 applicat
835 2207 954 2286 exteris,

593 2310 816 2394 Introrsumque
830 2313 991 2387 reconditis

593 2417 708 2484 Formis
723 2418 828 2483 miscet
841 2419 984 2500 imagines
998 2425 1021 2483 ¹.

307 2722 363 2799 Fit
383 2721 479 2800 enim
502 2721 625 2799 notitia
644 2721 693 2799 rei
715 2721 751 2798 in
767 2731 886 2800 mente
906 2748 946 2799 en
964 2725 1104 2824 cognito
1124 2733 1159 2801 et
1182 2735 1433 2826 cognoscente,

254 2855 398 2957 quondo
423 2854 556 2932 scilicet
581 2853 717 2955 speeies
747 2855 876 2954 cogniti
901 2864 955 2931 est
977 2855 1014 2930 iu
1034 2864 1280 2955 cognoscente.
1302 2861 1436 2934 Errnnt

253 3014 337 3092 ergo
352 2989 413 3090 qui
430 2987 650 3065 arbitrentur
678 3017 691 3051 ι
719 2987 815 3088 quod
840 2987 961 3064 omnin
980 3012 1060 3088 quse
1078 2988 1229 3089 quisque
1252 2990 1363 3085 novit,
1391 3016 1434 3069 er

253 3124 415 3224 ipsorum
442 3130 578 3197 tentum
601 3121 636 3197 vi
663 3129 770 3220 etque
792 3132 917 3196 netum
938 3121 1103 3220 cognosci
1123 3144 1202 3221 quoe
1218 3121 1391 3200 sciuntur.
1415 3160 1431 3190 s

258 3288 276 3322 ι
309 3257 424 3330 Omne
453 3253 549 3330 enim
574 3253 671 3352 quod
696 3253 934 3353 cognoscitur,
961 3277 1033 3329 non
1053 3247 1250 3329 seeundum
1271 3254 1327 3328 sui
1347 3254 1434 3352 vim,

256 3386 319 3465 sed
335 3386 534 3465 secundnm
548 3385 841 3487 cognoscentium
861 3385 978 3485 potius
993 3384 1307 3487 comprehenditur
1325 3386 1436 3463 incul-

259 3526 366 3598 tutem
377 3519 402 3596 ’.
440 3554 455 3588 n
491 3546 509 3584 α
539 3518 647 3596 Aliter
677 3519 787 3617 visus,
816 3517 918 3593 aliter
943 3525 1057 3593 tectus
1081 3517 1245 3593 eumdem
1274 3519 1435 3618 corporis

256 3654 510 3732 rotunditatem
530 3653 699 3753 agnoscit.
722 3679 736 3713 r
759 3652 813 3725 lta
833 3649 978 3750 singulm
998 3650 1166 3751 potentine
1183 3649 1349 3750 proprius
1365 3649 1434 3727 sibi

257 3812 379 3866 rerum
407 3787 627 3886 objectarum
666 3784 855 3885 qualitates
893 3783 1167 3885 apprehendunt
1201 3816 1209 3860 ε
1247 3817 1261 3851 «
1298 3785 1434 3862 Sensus

258 3918 410 4018 figurem
434 3917 471 3993 in
496 3915 656 4016 subjecto
675 3917 824 3994 materie
844 3915 1073 3993 constitutum
1092 3923 1103 3988 ἐ
1120 3914 1328 4015 imaginatio
1348 3931 1433 3993 vero

260 4048 375 4127 solnm
397 4049 474 4128 sine
497 4049 644 4127 materie
661 4050 797 4151 judicet
816 4045 1005 4150 figurom³.
1032 4083 1048 4116 s
1072 4050 1152 4124 tum
1171 4070 1255 4124 vero
1277 4083 1292 4118 «
1315 4071 1433 4149 neque

294 4379 305 4416 ¹
329 4377 476 4441 Concolct„
492 4377 538 4430 lib.
550 4378 580 4438 V,
592 4381 655 4428 met.
668 4377 692 4428 4.

292 4456 306 4494 ¹
325 4455 407 4522 Ibin,
421 4472 459 4522 pr.
473 4457 498 4510 d.

289 4533 308 4574 ⁸
325 4534 397 4591 Ibtd.
