3278 5474
723 441 921 514 *190-

241 658 322 711 vere
337 634 411 710 haec
426 632 520 711 dicta
541 633 611 708 sint
632 640 666 709 et
685 655 799 732 quam¹
819 639 901 732 apte
923 629 1053 706 iisdem
1071 628 1146 706 fere
1164 628 1293 725 vachis,
1314 628 1411 706 inter

240 791 279 842 se
298 768 498 844 cohaereant
517 792 624 845 nemo
648 791 722 843 non
745 767 851 842 videt.
877 765 1001 841 Finem
1022 787 1107 863 ergo
1125 764 1299 840 iaciamus
1318 786 1411 838 con-

239 898 520 986 cludendoillud
535 900 749 1002 opusculum
765 899 856 983 siout
871 904 1025 998 quatuor
1040 896 1107 971 alia
1129 895 1252 972 Boetia
1270 894 1410 971 auctori

239 1031 514 1109 adscribendum
529 1057 617 1111 esse.

661 1528 787 1598 meur
813 1485 985 1600 'sunnon

326 1824 508 1880 aaalssttta
532 1824 725 1879 COHAERENT
754 1824 1009 1879 Pumosoafflca
1030 1823 1075 1877 AC
1099 1823 1318 1880 autonomon

688 1936 804 1990 Bonan
819 1935 947 1990 OPERA.

291 2204 440 2284 Cuilibet
461 2207 568 2306 paulo
591 2206 776 2302 attentius,
801 2215 837 2283 et
858 2180 956 2283 omni
984 2207 1212 2306 praejudicata
1237 2207 1410 2307 opinione

236 2343 404 2441 seposita,
420 2341 668 2441 philosophica
686 2349 721 2418 et
737 2340 933 2440 theologica
950 2340 1063 2417 Boetii
1082 2364 1190 2440 opera
1211 2340 1409 2441 perlegenti

236 2476 423 2569 manifeste
437 2484 586 2576 apparet
601 2473 755 2550 maxima
768 2473 860 2550 inter
873 2483 1026 2572 utraque
1041 2497 1163 2549 rerum
1177 2474 1408 2554 cohaerentia.

236 2609 369 2685 Eadem
388 2608 481 2684 circa
499 2605 729 2682 difficillimas
749 2609 963 2705 quaestiones
981 2606 1156 2702 doctrine,
1178 2607 1304 2684 eadem
1319 2631 1435 2710 sen-3

236 2741 428 2818 tentierum
444 2739 726 2817 conformatione
741 2740 963 2840 exprimitur.
981 2742 1098 2827 Quam
1113 2742 1303 2840 conjuncto
1321 2739 1413 2814 vin-

234 2874 314 2950 culo
341 2875 432 2950 inter
456 2899 494 2950 se
520 2874 723 2950 cohaereant
745 2873 931 2973 utriusque
959 2873 1129 2969 scientiae,
1161 2884 1233 2949 tam
1257 2873 1409 2962 rationis

233 3031 341 3107 quam
358 3006 558 3088 christianae
572 3004 655 3084 lidei
670 3006 887 3084 documenta
900 3006 1102 3083 Nitzchium
1116 3005 1235 3104 ipsum
1255 3005 1408 3081 minime

231 3140 336 3239 sugit,
360 3140 408 3215 ita
433 3149 473 3215 ut
497 3141 542 3216 ad
566 3141 659 3215 hanc
685 3141 851 3216 intimam
872 3138 1130 3216 connexionem
1157 3138 1408 3238 explicandam

232 3273 425 3369 quemdam
444 3273 922 3368 PseudoBoetiumfinxerit,
934 3272 996 3373 qui
1010 3271 1121 3349 Anicii
1135 3271 1247 3348 nostri
1258 3271 1406 3346 assidua

232 3403 383 3482 lectione
412 3406 574 3506 ejusdem
603 3405 781 3483 scribendi
813 3431 943 3505 genus,
978 3403 1236 3482 sententiarum
1269 3404 1410 3481 oratio·-

234 3537 358 3637 nisque
382 3540 699 3616 conformationem
723 3539 882 3615 imitatus
906 3539 962 3634 sit,
982 3546 1018 3614 et
1037 3539 1085 3614 ita
1106 3537 1259 3638 posteris
1278 3536 1408 3614 fucum

231 3669 391 3749 iecerit¹.
412 3674 457 3748 Ut
484 3673 577 3749 hanc
601 3673 767 3749 Nitzschii
793 3675 983 3773 gratuitam
1007 3671 1235 3772 hypothesim
1259 3671 1409 3772 penitus

231 3805 495 3902 subvertamus,
527 3805 631 3882 nohis
660 3806 698 3881 in
728 3806 849 3884 animo
883 3814 937 3883 est
966 3804 1032 3881 suh
1065 3802 1177 3882 oculis
1209 3803 1408 3902 legentium

232 3959 365 4038 ponere
380 3937 561 4039 praecipua
581 3939 713 4038 quaein
729 3938 890 4039 utrisque
906 3938 1072 4040 operibus
1088 3938 1274 4039 aptissime
1292 3937 1408 4012 cohae-

230 4077 323 4158 rent,
346 4079 423 4145 tum
443 4071 534 4147 circa
556 4081 697 4171 tempus
719 4072 774 4147 vel
799 4074 949 4149 modum
969 4071 1190 4174 scriptionis,
1213 4080 1289 4147 tum
1309 4071 1406 4148 circa

229 4204 427 4281 doctrinam
443 4204 560 4306 ipsam
575 4205 861 4306 philosophicam
875 4214 909 4282 et
928 4205 1176 4305 theologicam.

265 4527 275 4561 ¹
298 4527 355 4576 Dua
369 4525 482 4592 system.
496 4527 543 4579 des
554 4527 696 4592 Boethius,
708 4542 787 4593 peges
800 4529 856 4592 tlt,
868 4528 923 4591 tat,
937 4527 994 4592 tat,
1008 4528 1064 4580 l58.
