3240 5468
666 435 864 509 -ttt-

235 630 339 728 outa,
354 628 422 706 nisi
439 627 672 706 christianum
687 625 815 725 dogma
830 626 875 701 de
888 624 1003 725 poenis
1019 624 1167 701 alterius
1181 624 1274 723 vitae,
1286 622 1362 701 istu

178 763 306 861 pactoli
321 764 513 849 acerbitate,
528 784 569 836 ac
579 759 784 858 puruotorio
799 759 977 834 clementio
992 756 1246 857 significaverit
1261 758 1361 834 Boc-

183 897 279 973 tius?
308 898 452 972 Frustra
479 903 653 970 conantur
674 890 849 966 Obbarius
874 901 909 963 et
936 882 1157 964 Nitzschius¹
1183 888 1242 962 loc
1271 888 1364 987 fidei

181 1032 377 1106 circatio-nor
391 1029 567 1125 cestiyiunt
585 1027 630 1100 ad
646 1024 909 1100 Platonicorum
924 1020 1091 1119 dogmata
1111 1020 1254 1099 relerro.
1272 1020 1362 1097 lum

181 1162 310 1237 saeculo
337 1177 401 1237 xvi
429 1156 691 1236 Centuriatores
723 1152 1061 1256 llagdeburgenscs’
1086 1152 1241 1231 confessi
1269 1160 1363 1229 sunt

183 1293 344 1368 Boetium
369 1291 423 1366 his
447 1287 562 1368 verbis
589 1287 771 1364 infernum
800 1311 841 1363 ac
874 1286 1125 1387 purgatorium
1151 1284 1359 1387 designare.

182 1424 310 1500 Contra
331 1424 475 1499 Obbarii
495 1446 536 1498 ac
555 1421 722 1497 Nitzschii
742 1419 956 1497 sententiam
985 1419 1147 1521 apposite
1167 1421 1243 1519 jam
1271 1443 1361 1495 mo-

183 1570 310 1632 nuerat
336 1553 541 1632 Suttnerus³
565 1591 579 1624 t
607 1555 819 1648 Platonicos,
844 1553 875 1629 si
899 1554 939 1629 l).
965 1547 1179 1651 Augustino⁴
1200 1552 1363 1629 creden-

182 1690 280 1788 dum,
292 1714 416 1790 poenas
427 1714 543 1764 ornues
556 1703 592 1763 ot
600 1692 824 1784 instructorius
839 1684 1032 1781 censuisse,
1046 1708 1162 1782 neque
1171 1683 1361 1784 duplicem

183 1844 325 1921 poertam
343 1834 421 1920 post
438 1822 614 1896 malorum
630 1831 781 1896 mortem
802 1818 983 1894 statuisse.

236 1952 371 2028 ldoirco
394 1974 511 2050 neque
538 1949 712 2024 malorum
737 1948 973 2048 existentiam,
998 1974 1117 2049 neque
1141 1950 1247 2045 hanc,
1272 1974 1361 2050 quoe

182 2083 320 2158 videtur
349 2082 528 2157 malorum
558 2080 807 2181 impunitatem
831 2083 1094 2183 sapientissimo
1112 2080 1241 2160 divinae
1263 2084 1363 2160 Pro·

183 2215 345 2289 videntiae
372 2213 530 2312 regimini
556 2237 738 2313 opponere
754 2214 845 2289 licet.
867 2213 959 2299 Ouid
977 2224 1099 2289 autem
1122 2214 1167 2290 de
1185 2211 1361 2312 inaequuli

181 2351 359 2434 honorum
378 2370 420 2423 ac
441 2347 617 2422 malorum
635 2347 727 2421 inter
746 2346 910 2422 homines
930 2345 1181 2422 distributione
1199 2367 1361 2421 censen-

181 2480 293 2555 dum?
322 2482 411 2554 llam
439 2514 455 2543 α
484 2480 637 2577 imperat
665 2477 839 2576 floretque
870 2479 1046 2577 nequitia,
1075 2491 1110 2555 ot
1139 2477 1254 2555 virtus
1281 2503 1362 2556 uon

184 2609 299 2685 solum
322 2609 478 2708 praemiis
502 2619 598 2684 caret
627 2633 752 2685 verum
780 2608 889 2684 etiam
918 2608 1171 2686 sceleratorum
1199 2607 1360 2708 pedibus
1395 2598 1403 2619 ”

183 2741 349 2837 calcatur,
365 2755 399 2816 et
415 2741 452 2816 in
468 2740 586 2816 locum
601 2738 803 2817 facinorum
818 2739 991 2843 supplicia
1006 2738 1100 2818 luit⁵.
1121 2772 1137 2805 ι

216 3017 225 3049 ¹
247 3014 304 3063 Dos
314 3015 421 3078 Syatem
433 3015 479 3064 des
492 3014 632 3072 Boethius,
645 3029 670 3077 p.
684 3012 712 3063 81
727 3031 733 3077 3
748 3012 884 3077 Obbarius,
896 3013 999 3079 Protea.
1011 3029 1036 3078 p.
1051 3027 1133 3066 xxxv.

215 3098 226 3128 2
249 3094 322 3148 cent.
337 3095 379 3156 Vl,
393 3109 418 3157 p.
431 3093 477 3143 tte
491 3099 517 3143 et
529 3093 583 3143 7οἓι
597 3093 664 3142 Edit.
679 3093 757 3143 Basil.
769 3093 841 3142 1559.

216 3180 227 3211 ⁸
249 3175 376 3224 Boethius
387 3175 435 3223 der·
449 3174 523 3223 tetztc
533 3173 646 3234 Hoerner,
659 3173 726 3236 pil,
741 3178 802 3222 note
815 3173 853 3223 36.
868 3175 941 3223 llenc
953 3174 1109 3237 platonicam
1120 3172 1267 3223 doctrinam
1280 3188 1359 3238 prq-

183 3255 259 3304 claris
270 3253 341 3302 liisce
354 3251 470 3300 versibus
484 3257 591 3301 exornat
603 3252 724 3316 Virgilius
737 3251 847 3316 (Eneid.,
861 3252 905 3302 lib.
917 3253 958 3313 Vl,
971 3268 995 3302 v,
1010 3252 1074 3316 ll3).
1144 3288 1148 3295 .

462 3358 548 3410 Quisque
561 3369 608 3400 euos
618 3358 703 3410 nanmur
713 3368 789 3401 manes.
801 3357 878 3401 Exinde
891 3368 927 3410 ner
936 3359 1023 3411 amplum

460 3429 556 3471 tlittimur
566 3429 662 3481 Elysium,
673 3432 694 3471 et
705 3428 762 3480 pauci
776 3429 821 3471 lata
833 3440 879 3471 arta
891 3432 979 3472 tenemur
990 3445 995 3470 ι

461 3497 526 3539 Donec
535 3498 597 3550 naqa
608 3498 660 3551 dice,
674 3500 758 3553 perfecto
768 3500 864 3550 emporis
874 3498 927 3549 orbe.

462 3568 578 3612 concretam
587 3570 659 3612 exemit
667 3569 739 3618 labem,
752 3579 861 3621 purumque
875 3569 956 3622 reliquit

461 3639 576 3682 AEtlrereum
586 3649 674 3689 mnsam,
685 3644 743 3693 atque
753 3641 808 3682 aurai
818 3640 918 3692 simplicis
928 3641 994 3696 iguem

461 3709 505 3753 Has
516 3723 591 3760 omnes.
607 3711 641 3753 ubi
651 3712 707 3754 mille
717 3716 780 3754 rotam
790 3711 868 3754 volvere
880 3722 914 3763 ner
923 3723 995 3759 moos,

461 3783 559 3825 Lethaeum
569 3781 594 3825 ad
608 3782 688 3824 durium
698 3784 751 3825 Deos
759 3786 827 3826 evocat
838 3783 917 3837 agmine
925 3794 1005 3837 manno

216 3888 228 3918 δ
252 3884 320 3931 Licet
338 3882 410 3929 Plato
423 3881 478 3942 ipse
495 3886 523 3929 ut
539 3896 571 3930 en
586 3881 741 3944 quibusdam
759 3881 822 3930 locis
839 3881 964 3943 Phaedri,
982 3880 1140 3942 Pltoedonie,
1150 3880 1319 3945 Rctpcttieoe
1332 3889 1360 3935 el

185 3966 284 4027 Gotuioe
295 3964 395 4025 liquet,
411 3976 498 4024 poerras
511 3967 638 4011 aeternum
651 3964 785 4012 duraturas
801 3962 936 4012 admisisse
952 3962 1079 4021 videatur,
1094 3964 1195 4010 certum
1212 3966 1253 4011 est
1266 3962 1357 4013 Plato-

184 4046 255 4093 nicos
268 4044 343 4093 aliter
356 4043 388 4090 de
400 4042 441 4090 lris
454 4042 609 4092 decrevisse.
623 4044 658 4091 Ex
671 4043 811 4092 Platonicis
824 4043 894 4091 enim
907 4056 1025 4091 errorem
1037 4055 1113 4090 sunm
1128 4041 1161 4090 de
1177 4040 1280 4091 inferno
1291 4042 1359 4093 olim

183 4123 330 4174 evacuando
350 4122 435 4171 hausit
446 4121 580 4184 Origenes.
597 4122 672 4171 llunc
684 4128 710 4170 et
722 4122 868 4172 Platonicos
884 4122 999 4170 confutat
1010 4121 1041 4169 D.
1054 4120 1215 4184 Augustinus
1228 4120 1270 4184 (dc
1280 4122 1356 4174 civit.

184 4204 252 4264 Βοὴ
266 4203 310 4264 ttb„
322 4201 387 4259 xxi,
401 4214 424 4248 c.
439 4205 511 4259 xvir).
525 4200 645 4248 Errorem
659 4200 852 4249 Platonicorum
864 4205 945 4258 notat,
956 4214 978 4248 c.
993 4211 1050 4256 xnr.
1064 4197 1106 4247 his
1119 4197 1225 4248 verbis:
1241 4216 1252 4245 a
1266 4200 1356 4251 Plato·

184 4280 235 4329 nici
258 4281 374 4342 quidem,
393 4279 456 4328 licet
478 4279 604 4341 impunita
627 4279 697 4327 nulla
718 4278 799 4327 velint
819 4293 876 4327 esse
897 4283 1011 4341 peccata,
1032 4283 1122 4326 umen
1146 4292 1239 4327 omnes
1257 4293 1357 4342 poetm

184 4360 359 4409 emendationi
377 4359 495 4408 adhiberi
508 4365 608 4420 putant,
628 4358 667 4406 vel
683 4358 803 4407 humanis
823 4357 934 4405 inflictas
951 4357 1060 4421 legibus,
1076 4356 1116 4406 rel
1133 4355 1237 4419 divinis,
1254 4357 1310 4409 eive
1329 4360 1356 4409 ln

185 4439 232 4468 lm
247 4438 295 4468 ulta
319 4438 372 4468 aion
385 4443 441 4468 unet
457 4442 568 4468 unstrutam
616 4455 627 4468 ι
