3240 5468
612 957 739 1028 CAPUT
762 957 986 1029 SECUNDUM.

313 1256 359 1310 DE
381 1255 501 1310 Aulum
520 1254 782 1312 submanantes
802 1256 847 1311 ET
870 1257 915 1310 DE
940 1255 1149 1310 COGNITIONE
1172 1256 1295 1310 RERUM

519 1372 757 1438 heumannus,
783 1373 894 1428 JUXTA
921 1372 1086 1427 Bourluu.

277 1605 374 1679 abst
395 1603 619 1705 philosophia
634 1629 736 1681 amor
752 1612 786 1681 et
806 1602 965 1683 studium
981 1614 1016 1681 et
1039 1602 1197 1680 amicitia
1220 1602 1392 1702 quodam·

224 1774 239 1809 ι
274 1735 382 1814 modo
406 1737 612 1838 sapientiam
641 1739 824 1840 sapientiae
853 1763 927 1815 non
951 1738 1059 1841 hujus
1083 1761 1162 1837 quae
1189 1737 1225 1811 in
1256 1734 1392 1812 artibus

224 1878 248 1938 ν’
273 1870 500 1971 quibusdam,
525 1881 559 1949 et
583 1874 619 1948 in
644 1872 766 1972 aliqua
789 1873 907 1948 fabrili
927 1871 1073 1949 scientia
1094 1869 1289 1969 notitiaque
1313 1892 1393 1945 ver-

222 2041 240 2076 »
273 2002 385 2110 satur,
411 2004 473 2081 sed
494 2004 588 2081 illius
613 2005 796 2106 sapientiae
825 2030 905 2105 quae
927 2004 1060 2081 nullius
1076 2003 1264 2103 indigens,
1293 2001 1393 2079 vivax

225 2174 241 2207 s
275 2159 379 2214 mens
401 2145 436 2214 et
466 2138 540 2214 sola
568 2163 688 2216 rerum
712 2137 881 2239 primaeva
905 2138 996 2215 ratio
1021 2147 1087 2215 est.
1110 2139 1172 2212 Est
1193 2144 1315 2212 autem
1337 2132 1396 2209 hic

225 2300 242 2334 ⁹
272 2294 375 2348 amor
389 2271 572 2371 sapientiae
587 2272 816 2372 intelligentis
836 2271 945 2349 animi
965 2271 1009 2347 ab
1029 2271 1201 2371 illa-pura
1220 2268 1396 2370 sapientia

227 2443 242 2476 s
276 2403 490 2512 illuminatio
518 2413 553 2481 et
581 2406 847 2506 quodammodo
875 2406 922 2482 ad
945 2405 1102 2506 seipsam
1124 2403 1327 2482 retractatio
1361 2411 1395 2479 et

227 2573 244 2606 »
278 2539 462 2616 advocatio
488 2546 525 2615 ut
549 2539 713 2617 videatur
733 2541 890 2616 studium
909 2565 1010 2641 aeque
1031 2539 1214 2639 sapientiae
1234 2536 1396 2614 studium

229 2710 248 2740 s
280 2671 475 2749 divinitatis
489 2679 523 2748 et
539 2696 637 2772 purae
652 2672 782 2751 mentis
799 2672 893 2749 illius
908 2673 1064 2749 amicitia
1077 2669 1100 2748 ¹.
1120 2711 1135 2746 s

282 2806 357 2881 Hac
372 2804 605 2906 philosophiae
619 2805 826 2885 definitione
841 2807 969 2907 posita,
986 2807 1094 2905 hujus
1114 2805 1270 2883 scientiae
1286 2813 1401 2882 mate-

228 2936 322 3016 riam
345 2937 394 3013 ita
417 2936 572 3041 partitur
599 2939 768 3015 Boetius:
790 2972 804 3004 «
824 2939 914 3016 Hinc
938 2938 1095 3015 nascitur
1115 2937 1400 3040 speculationum

234 3070 604 3170 »cogitationumque
641 3071 789 3169 veritas,
831 3080 866 3149 et
902 3083 1025 3149 saneta
1063 3095 1224 3173 puraque
1257 3080 1402 3148 actuum

230 3239 250 3276 »
283 3202 545 3280 castimonia...
575 3204 716 3304 Species
744 3205 840 3282 enim
869 3205 1136 3307 (philosophiae)
1165 3206 1245 3283 duae
1280 3213 1363 3281 sunt
1392 3237 1402 3282 z

235 3372 251 3405 »
285 3361 356 3413 una
374 3359 454 3438 quae
470 3351 606 3424 θεωρητική
625 3339 765 3440 dicitur,
782 3339 892 3416 altera
909 3363 989 3440 quae
1002 3351 1140 3428 πρακτική,
1159 3339 1197 3415 id
1216 3347 1269 3415 est
1289 3362 1404 3437 specu·

236 3508 252 3542 a
285 3469 391 3545 letica
410 3478 444 3547 et
460 3471 583 3547 activo.
600 3473 661 3547 Est
677 3471 783 3570 igitur
798 3486 962 3560 θεωρητικῆς,
987 3472 1024 3548 id
1047 3483 1100 3548 est
1120 3470 1406 3570 contemplativae

237 3635 253 3670 »
285 3602 339 3680 vel
359 3601 583 3703 speculativae
609 3602 735 3705 triplex
753 3604 965 3683 diversitasz
988 3628 1070 3704 pars
1089 3614 1231 3682 unaest
1246 3602 1290 3682 de
1305 3601 1406 3679 intel-

228 3771 257 3808 .»
287 3735 513 3837 lectibilibus,
540 3761 649 3838 quam
669 3747 808 3840 partem
831 3737 942 3816 Graeci
967 3749 1095 3825 θεολογίαν
1119 3737 1317 3814 nominant.
1345 3737 1407 3812 Est

242 3905 258 3939 a
290 3870 387 3947 enim
412 3871 657 3949 intellectibile
686 3872 784 3972 quod
815 3897 925 3948 unum
959 3872 1067 3973 atque
1096 3871 1193 3949 idem
1219 3895 1281 3974 per
1309 3895 1347 3948 se
1371 3871 1408 3948 in
1466 3898 1478 3905 ⁷

242 4039 259 4073 a
292 4004 437 4104 propria
472 4028 613 4106 semper
645 4005 829 4084 divinitate
859 4003 1073 4107 consistens,
1107 4005 1216 4096 nullis
1235 4026 1411 4107 unquam

244 4172 261 4206 s
294 4138 472 4235 sensibus,
496 4138 557 4215 sed
579 4137 655 4214 sola
679 4146 819 4215 tantum
847 4147 963 4217 mente
986 4140 1238 4242 intellectuque
1261 4138 1412 4240 capitur.

245 4272 261 4341 s
295 4275 381 4360 Ouae
396 4296 452 4349 res
467 4271 513 4347 ad
531 4271 811 4372 speculationem
834 4273 909 4370 Dei,
927 4282 1032 4373 atque
1049 4274 1093 4350 ad
1110 4273 1220 4349 animi
1245 4274 1414 4373 incorpo«

277 4586 287 4619 ¹
310 4582 344 4632 Irr
357 4582 493 4647 Porphyr.
507 4598 524 4634 a
540 4582 608 4634 Vict.
622 4585 748 4641 translat.
762 4584 835 4638 Diol.
849 4585 869 4638 Ι.
882 4583 978 4650 Migne,
992 4585 1010 4638 t.
1026 4578 1110 4650 LXIV,
1124 4583 1228 4640 cohib.
