3278 5474
229 624 363 706 dorus¹
385 657 394 702 :
414 658 429 693 α
448 628 522 704 Hac
546 635 580 703 te
611 625 724 702 multa
748 623 950 700 eruditione
974 623 1189 724 saginatum,
1214 623 1398 703 itanosso

233 797 250 828 »
277 762 477 863 didicimus,
499 768 537 836 nt
561 770 655 837 artes
682 783 772 858 quas
792 765 956 835 exercent
977 756 1168 858 vulgariter
1187 757 1396 853 nescientes,

234 931 250 964 ι
280 896 316 974 in
331 896 410 998 ipso
429 894 702 997 disciplinarum
717 891 816 968 ionte
836 891 1071 992 potaveris....'
1091 890 1398 969 Translationibns

234 1067 251 1101 »
284 1031 352 1108 tuis
367 1031 588 1134 Pythagoras
605 1028 775 1126 musicus,
791 1026 1004 1104 Ptolemaeus
1017 1026 1262 1124 astronomos,
1274 1024 1401 1126 legun-

235 1199 250 1230 »
281 1159 1400 1262 turltalis3llicomaohusarithmeticus,geometricusEuclides

236 1331 251 1365 »
283 1298 480 1374 audiuntur
499 1294 684 1393 Ausoniis,
705 1295 806 1370 Plato
826 1294 1024 1395 theologus,
1041 1294 1247 1374 Aristoteles
1264 1293 1400 1395 logicus

237 1467 252 1500 a
283 1430 451 1533 quirinali
466 1453 551 1507 voce
565 1430 816 1531 disceptant...
830 1427 1077 1506 mechanicum
1092 1428 1200 1506 etiam
1215 1428 1403 1506 Archime-

237 1607 252 1640 s
285 1567 366 1644 dem
390 1563 550 1642 latialem
578 1563 705 1641 Siculis
729 1563 930 1662 reddidisti,
956 1572 991 1641 et
1020 1588 1265 1667 quascumque
1290 1563 1404 1640 disci-

239 1737 254 1770 »
286 1700 400 1801 plinas
416 1699 469 1776 vel
487 1707 581 1775 artes
599 1698 768 1776 foecunda
784 1698 916 1776 Graecia
927 1723 990 1799 per
1001 1698 1159 1800 singulos
1169 1699 1265 1776 viros
1279 1679 1417 1795 edidit,

239 1871 262 1905 a<
286 1843 320 1913 te
337 1857 410 1912 uno
424 1841 581 1935 auctore,
597 1834 897 1936 patrio'sermone
913 1836 1027 1910 Roma
1046 1834 1213 1938 suscepit.
1236 1869 1252 1902 ι
1280 1841 1286 1847 “
1380 1844 1383 1851 “

290 1969 549 2048 Commendant
572 1970 693 2047 autem
722 1967 968 2072 philosophica
991 1968 1105 2046 Boetii
1129 1993 1237 2071 opera
1264 1967 1420 2046 Cassio-⁴

236 2104 373 2181 dorus²
392 2129 532 2183 necnon
547 2111 691 2184 sauctus
706 2105 863 2182 isidorus
879 2103 1111 2208 Hispalensis.

640 2449 769 2520 stent
802 2450 1007 2532 nutarunt.

549 2669 696 2737 BOETIUS
719 2671 902 2728 carmelus
918 2673 1096 2730 ELIGITUR.

295 2875 381 2952 Cum
406 2880 503 2950 tanta
528 2879 674 2974 tamque
698 2873 799 2952 varia
827 2875 960 2977 ingenii
989 2876 1203 2952 documenta
1237 2877 1411 2977 praeberet

241 3007 396 3111 Boetius,
418 3010 492 3108 jam
518 3010 563 3085 ab
590 3008 735 3085 ineunte
755 3008 1007 3105 adolescentia,
1029 3009 1076 3085 ad
1095 3009 1275 3111 patritiam
1295 3008 1413 3108 digni-

243 3149 352 3235 tatem
371 3149 513 3217 evectus
531 3148 600 3240 est,
617 3149 652 3217 et
671 3142 709 3218 in
728 3167 920 3221 numerum
941 3145 1088 3221 Petrum
1109 3154 1286 3246 receptus.
1309 3143 1344 3218 Si
1365 3143 1413 3220 ad

278 3470 287 3502 ¹
314 3468 388 3531 Ver„
400 3465 446 3517 lib.
460 3467 480 3529 1,
493 3481 533 3531 ep.
547 3465 620 3519 XLV.
1481 3521 1485 3530 ,

277 3553 290 3586 ¹
312 3569 323 3598 a
341 3549 474 3613 Isnpopeo
491 3549 625 3599 transtulit
641 3547 771 3599 Patricius
786 3548 907 3614 Boetius,
931 3554 1081 3601 commenta
1098 3549 1155 3614 ejus
1174 3550 1278 3616 gemina
1298 3549 1415 3600 derelin-

244 3645 338 3695 quens.
351 3629 506 3693 Goteporc'us
517 3629 588 3679 idem
600 3629 733 3680 transtulit
743 3629 871 3681 Patricius
879 3631 993 3693 Boetius,
1003 3631 1079 3696 cnjus
1091 3635 1240 3681 commenta
1248 3630 1331 3679 tribus
1342 3629 1417 3679 libris

244 3711 300 3776 ipse
313 3724 416 3774 quoque
430 3709 558 3759 formavit.
583 3709 801 3760 Partharmenios
823 3725 901 3774 supra
924 3717 1085 3761 memoratus
1106 3711 1233 3761 Patricius
1258 3710 1286 3759 in
1306 3710 1417 3759 latinum

244 3790 397 3840 transtulit:
419 3790 494 3852 cnjus
516 3794 665 3840 commenta
679 3789 733 3852 ipse
755 3790 868 3855 duplicia
881 3791 1056 3842 minutissima
1069 3791 1242 3855 disputatione
1261 3789 1389 3840 tractavit.
1404 3805 1415 3834 ι

247 3870 382 3933 (Cassiod,
395 3871 428 3920 de
440 3871 601 3934 Dialectico,
622 3884 647 3933 p.
660 3871 716 3933 583,
736 3876 755 3922 t.
768 3872 809 3933 ΙΙ,
829 3872 976 3938 Rotomagi,
989 3871 1072 3937 tcta.)
1091 3900 1122 3910 —
1136 3871 1310 3922 Commendat
1329 3873 1417 3919 autem

246 3950 412 4002 Cassiodorus
429 3951 512 4001 Boetii
532 3951 732 4000 arithmeticam
754 3950 816 4001 dum
837 3952 918 4002 dicit:
939 3970 949 3998 ι
967 3953 1066 4002 Deinde
1085 3951 1241 4017 magnificus
1253 3952 1293 4000 vir
1314 3952 1420 4001 Boetius

246 4033 326 4083 latino
338 4046 459 4082 sermone
473 4035 627 4083 translatum
640 4032 798 4097 [Apulejuml
813 4033 937 4082 Romanis
950 4034 1059 4082 contulit
1074 4032 1253 4082 lectitandum.
1268 4048 1278 4075 u
1295 4029 1417 4093 (Ibidem,

247 4128 273 4177 p.
285 4113 350 4176 586.)
364 4138 396 4148 -
409 4112 474 4162 Cum
486 4116 575 4160 autem
587 4111 705 4160 Boetium
718 4113 848 4161 musicum
860 4118 995 4175 tantopere
1015 4111 1166 4161 exaltaverit
1176 4111 1203 4158 in
1216 4110 1341 4172 epistolis,
1356 4110 1418 4158 nnl-

248 4193 301 4242 lam
312 4191 339 4240 in
348 4192 524 4241 Institutione
534 4190 566 4239 de
575 4204 606 4239 eo
616 4191 779 4240 mentionem
789 4191 857 4247 lacit.
868 4193 913 4241 sed
925 4192 1091 4242 commendat
1101 4191 1420 4251 Albinum,Gandentium,

248 4273 398 4338 Apuleium,
412 4286 442 4321 ac
454 4271 480 4322 S.
496 4270 670 4334 Augustinum
681 4270 771 4334 (ibid,
783 4286 807 4335 p.
822 4271 886 4332 588).
900 4272 994 4320 Annon
1005 4272 1091 4320 forsan
1105 4286 1136 4320 ex
1148 4271 1228 4319 livore
1238 4271 1252 4319 ‘t-
1262 4299 1293 4308 -
1307 4272 1421 4322 lsidorus

250 4351 409 4418 Hispalensis
421 4352 453 4401 de
466 4351 564 4412 Boetio,
576 4351 650 4414 juxta
663 4351 854 4407 cassiodorum,
868 4350 981 4414 loquitur
995 4367 1000 4400 :
1016 4369 1025 4396 a
1040 4351 1165 4414 Isagogen
1180 4364 1211 4398 ex
1222 4363 1306 4414 graeco
1319 4348 1346 4396 in
1359 4349 1419 4397 lati-

250 4449 314 4484 num
334 4432 466 4483 transtulit
477 4430 624 4480 Victorinus
645 4434 739 4490 orator,
759 4436 990 4494 commentumque
1010 4429 1067 4492 ejus
1088 4430 1203 4492 quinque
1224 4429 1297 4478 libris
1317 4429 1422 4479 Boetius

251 4514 337 4565 edidit.
354 4532 364 4559 u
385 4512 511 4576 (Oripirr,
527 4513 573 4563 lib.
586 4514 618 4575 ll,
631 4527 687 4576 cap.
708 4512 781 4574 xxv.)
803 4537 833 4548 -
850 4529 859 4557 n
882 4511 991 4561 Numeri
1005 4509 1227 4575 disciplinam...
1244 4511 1310 4573 apud
1328 4509 1422 4560 latinos

251 4593 350 4657 primus
363 4593 498 4657 Apulejus¹
511 4593 605 4644 deinde
620 4588 723 4643 Boetius
735 4592 875 4645 transtulit.
896 4611 906 4640 a
922 4593 1016 4657 (loto,
1028 4592 1075 4642 lib.
1085 4593 1129 4651 ΙΙΙ,
1143 4607 1165 4642 c.
1178 4593 1218 4654 rr.)
