3240 5468
715 439 892 512 „75-

460 631 547 697 Nunc
553 631 636 712 jaret
647 627 747 696 otfoeto
760 628 873 693 lumino
884 630 994 695 mentis

459 741 496 806 Et
509 757 630 823 pressus
642 737 779 820 maribus
794 737 869 800 oolla
883 737 995 800 catenis

465 844 672 929 Decliuemque
685 863 792 927 gerens
805 844 937 927 pondere
949 843 1061 908 uultum

460 956 581 1038 Gogitur
594 955 672 1019 heu!
689 953 825 1019 stolidam
840 968 964 1020 cernere
977 959 1087 1017 terram
1100 952 1126 1015 ¹.

275 1254 329 1330 En
360 1251 480 1330 nativa
511 1249 669 1329 hominis
700 1248 906 1352 ignorantia
936 1256 971 1327 et
1008 1255 1239 1326 externarum
1273 1271 1393 1326 rerum

220 1384 415 1492 appetitus.

276 1516 445 1620 Quisquis
469 1542 554 1620 ergo
579 1517 678 1619 oupit
705 1551 722 1586 α
745 1512 853 1593 nullis
876 1512 988 1594 deviis
1013 1512 1100 1618 falli,
1125 1549 1142 1584 s
1168 1523 1205 1594 et
1230 1549 1247 1584 α
1276 1514 1396 1595 inres-

221 1655 334 1760 tigare
351 1677 477 1733 verum
492 1660 612 1730 mente
628 1650 817 1754 protunda,
836 1683 853 1718 «ι
867 1650 1027 1729 revolvat
1040 1649 1079 1726 in
1098 1675 1137 1728 se
1155 1649 1274 1727 luoem
1297 1650 1396 1729 risus
1420 1753 1422 1756 θ

223 1786 366 1889 interni,
392 1810 434 1865 ao
461 1787 588 1865 doceat
614 1785 777 1862 animum
809 1786 993 1864 reflectere
1018 1784 1056 1860 in
1088 1783 1249 1885 seipsum
1277 1792 1397 1864 motus

224 1919 493 2024 rogitationum,
513 1927 554 1996 ut
572 1919 756 2021 possideat
769 1919 808 1996 in
823 1919 898 1996 suis
913 1917 1090 1995 thesauris
1105 1917 1281 2021 quidquid
1298 1926 1397 1997 extra

225 2081 266 2134 se
279 2054 495 2157 investigare
509 2051 682 2133 molitur'.
703 2085 719 2120 o
736 2053 854 2155 Hujus
865 2050 948 2130 finis
963 2052 1179 2156 assequendi
1196 2054 1398 2133 necessaria

225 2186 451 2269 oonditio'est
468 2196 509 2264 ut
528 2212 631 2266 mens
646 2211 666 2264 a
681 2187 849 2287 nubibus,
866 2187 1000 2266 soilioet
1020 2211 1041 2264 a
1060 2187 1167 2266 variis
1183 2188 1296 2266 animi
1310 2213 1397 2290 per·

225 2320 501 2418 turbationibus,
522 2320 718 2400 frenorum
736 2345 778 2400 ao
797 2318 1023 2399 vinnulorum
1039 2345 1107 2423 ope
1125 2321 1307 2399 liberetur.

283 2489 300 2523 α
328 2455 380 2531 Tu
411 2479 556 2557 quoque
577 2454 606 2531 si
622 2454 675 2535 vis
694 2453 896 2534 -lumine
914 2455 1010 2533 claro
1029 2499 1083 2514 -
1105 2479 1251 2533 eernere
1270 2480 1397 2535 verum

226 2634 279 2653 -
300 2589 445 2667 tramite
458 2595 557 2667 recto
572 2614 720 2691 oarpere
734 2588 861 2668 oallem
876 2623 885 2670 ι
901 2633 953 2648 —-
969 2589 1103 2670 Gaudia
1121 2588 1224 2692 pelle,
1235 2633 1287 2650 -
1302 2590 1399 2668 Pelle

229 2723 404 2821 timorem,
425 2748 669 2827 -spemque
692 2722 817 2826 fugato
838 2747 883 2802 ne
901 2723 1004 2802 dolor
1027 2720 1154 2802 adsit³.
1178 2758 1194 2793 »
1225 2757 1242 2791 α
1268 2724 1399 2826 Terga-

228 2880 309 2935 mus
331 2881 415 2959 ergo
440 2854 622 2960 paulisper
645 2856 782 2935 lumina
806 2857 1012 2935 mortalium
1039 2881 1162 2935 rerum
1186 2857 1282 2935 nube
1312 2857 1400 2935 oali-

229 2986 383 3093 gautia*,
413 3023 430 3059 ι
457 2997 491 3068 et
513 3024 530 3060 r
558 2991 766 3070 invocemus
791 3016 912 3071 rerum
935 2991 1099 3070 omnium
1118 2989 1298 3090 Patrem⁸‚
1321 3025 1337 3062 o
1360 3002 1401 3070 ut

229 3124 340 3203 menti
356 3125 534 3203 addantur
548 3126 711 3205 volucres
726 3151 865 3230 pennae,
881 3127 1012 3231 quibus
1029 3128 1166 3206 celsum
1184 3126 1402 3205 conscendat

230 3258 364 3359 polum,
381 3283 423 3337 ao
439 3266 553 3337 terras
568 3260 740 3361 despiciat
752 3259 776 3341 ⁶.
802 3264 864 3338 Est
887 3261 983 3340 enim
1008 3260 1236 3365 philosophia
1260 3268 1400 3339 tantum

232 3390 401 3493 «praevia
415 3391 563 3470 luminis
577 3391 693 3493 veri⁷;
720 3428 736 3462 ι
759 3418 833 3472 nou
847 3403 902 3472 est
916 3395 1060 3496 quidem
1083 3427 1100 3462 α
1124 3395 1181 3475 via
1204 3427 1222 3463 s
1244 3417 1315 3495 qua
1335 3394 1403 3469 ho-

229 3524 345 3604 mines
354 3534 577 3606 revertantur
591 3528 628 3605 in
644 3528 811 3630 patriam,
827 3530 890 3607 sed
902 3529 1199 3629 praeparatorum.
1217 3529 1290 3605 Suo
1305 3527 1401 3605 euim

232 3659 395 3756 «ductu,
410 3688 430 3728 u
450 3683 514 3737 sua
536 3695 552 3728 α
574 3663 713 3760 semita,
732 3692 747 3726 r
767 3663 841 3740 suis
861 3695 877 3732 o
897 3659 1103 3760 vehiculist,
1127 3677 1151 3731 o·
1166 3661 1335 3739 vitandus
1360 3686 1402 3740 ao

264 4000 275 4041 ¹
298 3999 417 4066 Consul„
431 4001 477 4054 lib.
489 4003 544 4068 VII,
557 4007 621 4056 met.
635 4005 658 4056 2.

262 4078 277 4118 ί
298 4079 417 4144 consol„
432 4081 477 4134 lib.
490 4083 536 4144 ΙΙΙ,
549 4088 612 4134 met.
628 4085 668 4135 lt.

264 4159 279 4198 ⁸
299 4157 415 4224 consol,
428 4161 473 4212 lib.
488 4163 508 4223 1,
524 4168 587 4214 met.
602 4164 626 4216 Ι.

263 4241 279 4303 9
301 4240 421 4303 Conuol„
433 4241 478 4292 lib.
492 4243 513 4301 l,
525 4257 565 4306 pr.
579 4243 603 4292 2.

267 4321 280 4357 ⁸
301 4321 417 4384 Consul„
430 4321 475 4373 lib.
489 4323 534 4386 111,
549 4337 589 4386 pr.
601 4324 625 4375 8.

265 4401 278 4442 ⁰
300 4402 420 4466 Gorrsol„
432 4401 479 4454 lib.
491 4403 533 4465 IV,
546 4408 610 4455 met.
625 4403 649 4455 1.

267 4486 280 4522 '¹
301 4483 416 4547 Consul„
429 4482 475 4534 lib.
488 4483 530 4547 IV,
543 4497 582 4549 pr.
597 4484 620 4533 l.

266 4566 280 4603 ⁸
297 4562 414 4628 (ξυνιᾶσι,
427 4561 472 4617 lib.
485 4561 528 4626 ΙΙΙ,
542 4577 582 4627 pr.
596 4563 623 4614 t.
