3240 5468
720 432 896 504 ..97..

223 621 328 719 trina,
353 621 427 699 sive
450 620 599 721 quaestio
624 622 669 697 sit
692 621 736 697 de
762 622 885 698 formis
910 625 1095 724 separatis,
1118 634 1156 702 ut
1177 628 1393 727 scholastici,

220 755 323 853 juxta
349 752 584 848 Aristotelem,
616 753 774 829 Platonis
809 764 966 832 mentem
1000 756 1290 858 interpretantur,
1321 762 1394 840 sive

223 886 460 986 intelligendae
483 885 555 961 sint
578 886 655 961 istae
675 885 763 962 ideae
783 885 820 961 in
844 896 964 964 mente
988 887 1109 965 divina
1128 891 1332 989 existentes,
1354 903 1393 968 ut

222 1029 354 1097 aeterna
373 1044 494 1096 rerum
514 1019 742 1120 exemplaria.
769 1019 939 1094 Nonnulli
969 1022 1176 1122 posterioris
1206 1048 1246 1101 ao
1270 1049 1394 1102 reeen-

222 1154 322 1230 tioris
345 1154 461 1229 aetatis
486 1150 690 1252 philosophi
718 1152 792 1226 haee
819 1152 976 1227 Platonis
1002 1152 1132 1254 plauita
1161 1156 1205 1231 ad
1234 1141 1392 1258 systema

224 1286 274 1363 sie
299 1287 433 1362 dietum
460 1285 688 1382 oatolopa'cum
714 1284 949 1384 deduxerunt,
973 1286 1068 1371 inter
1083 1311 1173 1386 quos
1194 1290 1394 1366 llalebran-

222 1419 337 1519 chius,
363 1418 548 1513 Gerdilius,
573 1417 789 1513 Vercellone,
814 1417 938 1513 Fabre,
967 1426 1046 1514 eto,
1076 1421 1227 1519 professi
1255 1422 1395 1503 univer-

223 1554 314 1630 salia
333 1553 472 1630 realiter
492 1551 641 1628 existere
660 1561 758 1628 extra
782 1574 838 1628 res
862 1562 1012 1647 creatas,
1039 1560 1073 1628 et
1096 1568 1194 1630 extra
1217 1541 1394 1654 mentem,

224 1688 287 1764 sed
308 1688 352 1762 ab
372 1685 554 1773 intellectu
574 1684 609 1759 in
629 1683 783 1760 essentia
799 1685 918 1760 divina
934 1684 1079 1785 pereipi.
1098 1688 1185 1773 Quae
1205 1688 1393 1784 sententia,

226 1828 348 1922 utpote
363 1821 409 1896 ad
425 1818 690 1919 pantheismum
719 1816 912 1913 inclinans,
941 1817 1031 1894 sicut
1060 1819 1249 1896 realismus
1276 1819 1395 1921 plato-

224 1955 326 2031 nicus
342 1952 527 2030 deformis
543 1951 728 2051 separatis,
746 1951 941 2050 rejicienda
958 1951 1110 2030 videtur.

279 2087 463 2187 Praecipua
483 2092 610 2191 eontra
630 2083 733 2158 istius
754 2083 851 2160 modi
871 2084 1078 2161 realismum
1107 2086 1197 2163 ratio
1223 2097 1276 2163 est
1296 2088 1393 2188 quod

223 2229 320 2299 certa
340 2217 583 2318 cognitionum
615 2226 820 2292 nostrarum
840 2216 977 2315 objecta
994 2216 1155 2293 destruit.
1177 2219 1395 2318 Cognitionis

221 2354 319 2437 enim
333 2359 463 2438 nostrae
476 2350 616 2449 objeuta
630 2349 747 2449 prima
762 2357 796 2425 et
816 2349 960 2449 propria
982 2375 1038 2426 res
1055 2358 1140 2426 sunt
1158 2352 1356 2449 sensibiles,
1375 2378 1393 2428 e

223 2487 354 2587 quibus
380 2481 619 2574 abstractione
642 2481 841 2557 intellectus
862 2506 984 2557 rerum
1008 2484 1161 2559 essentia
1186 2484 1394 2586 percipitur,

226 2645 268 2696 ao
283 2617 430 2696 seientia
451 2623 574 2692 nostra
598 2616 817 2692 efformatur.
844 2618 924 2692 lam
945 2640 1028 2694 vero
1048 2617 1087 2692 in
1106 2627 1299 2718 systemate
1322 2618 1395 2698 sive

229 2751 419 2855 platonico,
444 2751 518 2827 sive
543 2749 759 2849 ontologieo,
785 2775 858 2825 nou
882 2753 958 2850 jam
981 2761 1109 2827 natura
1134 2776 1254 2827 rerum
1279 2753 1397 2829 sensi-

226 2885 368 2981 bilium,
394 2884 458 2961 sed
482 2883 690 2959 substantiae
714 2882 783 2958 illae
811 2884 999 2975 ao'lormae
1016 2892 1202 2983 separatae,
1221 2910 1284 2961 seu
1307 2886 1397 2962 ideae

223 3021 315 3119 ipsae
329 3019 367 3094 in
382 3029 500 3094 mente
515 3016 637 3094 diviua
647 3015 837 3093 existentes
853 3025 971 3094 essent
990 3016 1247 3120 cogitationum
1261 3026 1400 3107 nostra·

228 3178 308 3229 rum
329 3152 520 3250 obJ‘eetum.
547 3184 562 3216 «
588 3149 773 3226 Derisibile
794 3159 912 3228 autem
930 3150 1082 3250 videtur,
1098 3149 1149 3226 ait
1169 3152 1211 3227 D.
1229 3150 1396 3249 Thomas

222 3326 247 3358 Ι»
281 3295 318 3361 ut
332 3286 420 3360 dum
437 3308 555 3360 rerum
572 3306 652 3382 quae
671 3284 775 3360 nobis
791 3283 991 3378 manifeste
1006 3291 1100 3384 suut,
1117 3284 1279 3361 notitiam
1296 3309 1397 3384 quee-

223 3456 246 3499 .»
279 3419 403 3516 rimus,
424 3418 491 3495 alia
508 3417 605 3493 entia
619 3417 657 3509 in
672 3418 831 3513 medium
846 3419 1053 3515 afferantur,
1066 3442 1147 3518 quae
1162 3441 1235 3495 non
1250 3425 1400 3519 possunt

231 3594 247 3626 2
278 3578 355 3631 esse
380 3577 505 3639 eorum
529 3553 749 3653 substantiae,
771 3578 855 3630 eum
875 3553 920 3630 ab
939 3554 990 3630 eis
1015 3551 1176 3629 differant
1198 3533 1398 3628 seeundum

230 3727 247 3760 »
278 3711 366 3766 esse.
384 3689 425 3761 Et
442 3687 503 3787 sie,
520 3686 592 3763 illis
607 3688 817 3764 substantiis
834 3686 1007 3789 separatis
1027 3684 1187 3785 cognitis,
1206 3708 1278 3760 non
1294 3707 1400 3784 prop·

231 3863 248 3894 »
281 3831 333 3900 ter
352 3824 420 3899 hoo
440 3821 485 3898 de
503 3821 581 3899 istis
601 3822 829 3899 sensibilibus
843 3821 1004 3922 judicare
1020 3843 1209 3920 possemus
1223 3818 1246 3894 ¹.
1266 3856 1284 3892 u
1310 3820 1401 3919 Ergo

230 3954 417 4031 realismus
436 3955 509 4030 sive
529 3953 731 4054 platonicus
751 3953 824 4032 siv'e
840 3954 1062 4054 ontologiuus
1077 3950 1302 4053 rejiciendus.

285 4086 348 4163 His
363 4087 557 4188 praemissis
573 4086 725 4163 dicimus
744 4087 907 4165 Boetium
929 4095 964 4164 et
979 4111 1062 4165 eum
1078 4085 1157 4186 ipso
1172 4085 1213 4158 l).
1231 4084 1405 4160 Thomam

199 4262 205 4271 ·
231 4245 273 4297 ao
295 4219 460 4298 Soholam
477 4245 589 4323 prope
605 4229 728 4322 totam,
744 4221 953 4298 realismum
970 4219 1164 4321 quemdam
1180 4232 1404 4317 temperatum

267 4534 278 4569 ¹
303 4533 315 4584 1
331 4549 369 4598 p.,
384 4549 428 4599 qu.
441 4546 552 4595 xxxxrv,
563 4548 586 4584 a.
605 4534 628 4584 1.
