3240 5468
675 381 852 498 ..79ss

231 617 305 701 His
319 624 353 704 et
376 614 555 697 similibus
569 613 687 693 verbis
703 613 900 691 adstruitur
914 637 935 691 a
950 613 1140 715 Nilzscbio,
1155 639 1223 693 neo
1239 639 1310 694 non
1330 639 1351 694 a

179 750 316 836 Iudicis
331 747 566 828 dellirandol
579 747 714 825 crimen
729 754 852 825 contra
867 748 1030 825 Boetium
1045 748 1138 826 circa
1153 749 1362 830 doctrinam-

179 885 224 967 de
244 883 503 990 praescientia
527 883 726 959 culmorum
735 877 759 961 ¹.
785 884 876 958 Ante
900 882 1020 959 omnia
1052 882 1156 960 liceat
1185 883 1289 961 nobis
1315 884 1363 961 iu·

180 1018 341 1103 medium
360 1017 487 1097 afferre
505 1037 671 1117 quaenam
695 1015 803 1093 luerit
828 1015 872 1092 de
902 1016 970 1092 hac
993 1015 1132 1093 difficili
1157 1018 1353 1117 quaestione

182 1155 218 1235 S.
234 1151 422 1253 Augustini
437 1150 611 1230 doctrina.
627 1149 753 1226 Primo
764 1149 909 1250 quidem
924 1149 1056 1228 diserte
1074 1151 1194 1229 docuit
1213 1153 1355 1232 animo·

180 1310 262 1364 rum
287 1285 588 1388 praeexistentiam
611 1283 672 1360 bis⁴
689 1282 828 1360 duobus
851 1284 938 1361 locis
964 1312 972 1358 ε
1003 1319 1018 1354 a
1050 1285 1152 1362 Tales
1181 1293 1265 1364 sunt
1293 1288 1355 1388 qni

180 1421 273 1503 bone
299 1418 495 1520 disciplinis
523 1417 728 1495 liberalibus
758 1417 885 1494 eruditi
917 1446 926 1493 ε
961 1418 1139 1519 siquidem
1170 1420 1249 1497 illas
1279 1421 1356 1500 sine

182 1554 294 1633 dubio
316 1553 355 1631 in
378 1577 416 1633 se
440 1553 617 1631 oblivione
636 1554 783 1630 obrutas
798 1561 929 1630 eruunt
944 1553 1114 1632 discendo
1129 1563 1165 1632 et
1179 1557 1358 1656 quodam·

182 1689 292 1769 modo
319 1687 501 1771 refodiunt
511 1683 535 1765 ².
569 1717 585 1751 »
625 1698 648 1750 α’
672 1690 837 1788 Magnam
865 1687 1033 1786 omnino,
1067 1697 1202 1790 etqua
1235 1693 1357 1772 nescio

183 1830 310 1903 utrum
341 1822 682 1924 quidquammajus
711 1822 767 1923 sit,
798 1822 1031 1921 quaestionem
1059 1847 1193 1923 moves,
1222 1826 1357 1926 inqua

185 1963 330 2038 tantum
361 1962 494 2033 nostrae
530 1955 671 2033 sibimet
703 1954 898 2056 opiniones
927 1955 1177 2059 adversentur,
1215 1966 1255 2034 nt
1294 1958 1357 2034 tibi

186 2089 481 2188 romenellum,
512 2090 601 2167 mibi
637 2097 761 2167 contra
792 2114 909 2167 omues
946 2105 1038 2168 ortes
1061 2117 1174 2168 secum
1203 2093 1360 2171 attulisse

186 2226 365 2315 uideatur,
394 2247 455 2301 occ
481 2224 578 2301 uliud
602 2225 788 2324 quidquam
812 2249 882 2300 csse
904 2226 941 2300 e'd
961 2227 1050 2325 quod
1068 2227 1196 2302 dicitur
1214 2228 1357 2320 decue,

188 2383 294 2461 geum
311 2358 490 2435 rosiciaci
504 2371 536 2434 et
549 2354 767 2434 recordant·
780 2397 796 2430 a
815 2359 864 2433 Ex
879 2357 935 2432 his
958 2357 1246 2437 concludendum
1270 2360 1360 2438 doo-

189 2492 324 2571 trinam
337 2492 382 2570 de
397 2491 659 2593 praeexistentia
676 2490 892 2589 animarum,
915 2497 1077 2593 tempore
1100 2495 1136 2574 S.
1160 2495 1358 2595 Augustini,

59 2614 65 2619 ’
187 2626 351 2707 nondum
364 2634 405 2703 ut
420 2626 504 2704 fidei
521 2625 724 2702 christiana
739 2625 942 2726 oppositam
960 2626 1120 2703 habitam
1138 2627 1260 2706 luisse.
1280 2629 1362 2732 lpse

188 2783 275 2840 uero
293 2758 596 2860 Augustinusbaec
611 2759 683 2835 duo
695 2758 772 2836 loca
784 2783 894 2862 supra
905 2767 1104 2838 memorata
1114 2760 1163 2837 ita
1173 2769 1361 2840 retractate

119 2862 125 2873 ’
192 2930 213 2983 α,
226 2892 300 2973 Sed
311 2893 379 2971 boc
394 2916 538 2993 quoque
549 2892 713 2993 improbo
730 2919 738 2965 ε
756 2891 961 2968 credibilius
978 2902 1031 2970 est
1046 2893 1154 2992 enim,
1172 2902 1363 2996 propterea

190 3050 275 3106 vora
289 3026 507 3130 respondere
523 3027 568 3102 de
582 3025 800 3126 quibusdam
815 3025 1026 3127 disciplinis,
1047 3027 1156 3105 etiam
1178 3029 1363 3130 imperitos

192 3184 329 3263 earum,
357 3161 501 3261 quando
525 3160 616 3236 bene
641 3160 918 3260 interrogantur,
944 3161 1028 3260 quia
1048 3186 1205 3263 praesens
1225 3172 1280 3242 cst
1297 3164 1362 3263 cis,

193 3297 369 3396 quantum
398 3293 435 3369 id
471 3289 778 3395 aapara’possunt
801 3293 923 3371 lumen
950 3290 1098 3374 rationis
1122 3283 1275 3397 aeternae,
1304 3298 1365 3376 ubi

193 3426 269 3505 baec
291 3425 528 3504 immutabilia
547 3449 630 3504 vera
653 3426 900 3527 conspiciunt3
921 3451 993 3504 non
1017 3429 1101 3529 quia
1124 3454 1167 3507 ea
1191 3439 1365 3538 noverant

195 3558 397 3662 aliquando,
417 3570 452 3637 et
478 3559 577 3637 obliti
602 3568 698 3655 sunt,
725 3560 822 3660 quod
841 3560 990 3658 Platoni,
1017 3562 1073 3639 rel
1094 3563 1225 3641 talibus
1247 3566 1365 3642 visum

195 3701 248 3770 est
258 3689 283 3771 ⁴.
307 3729 322 3764 a
350 3696 402 3770 lle
426 3702 545 3771 autem
573 3693 619 3769 ad
642 3692 936 3797 ontologistarum
960 3718 1120 3777 errorem
1143 3696 1366 3777 deducantur

194 3826 263 3906 ista
291 3827 476 3928 Augustini
500 3829 608 3907 verba
627 3826 672 3905 de
690 3830 929 3928 procacitate
947 3828 1045 3906 nobie
1060 3829 1203 3909 luminis
1216 3833 1366 3911 rationis

230 4157 238 4193 ¹
263 4172 274 4202 ι
288 4153 329 4206 On
342 4154 368 4204 le
380 4154 443 4218 voit,
454 4152 518 4205 o'est
528 4154 553 4204 la
562 4153 679 4204 doctrine
687 4153 719 4204 de
729 4154 754 4204 la
764 4154 964 4218 reminiscenoe,
975 4169 1025 4220 que
1035 4154 1127 4209 Platon
1136 4158 1205 4209 avait
1213 4161 1367 4224 empruntde

197 4233 370 4299 iPythagore
382 4270 389 4298 ,
413 4239 440 4284 et
460 4235 505 4298 qui
518 4248 552 4284 en
564 4234 685 4285 dernidre
698 4235 819 4300 anulum,
838 4235 952 4286 adonne
963 4237 1100 4288 naissanee
1111 4252 1145 4289 au
1156 4239 1322 4304 mystycisme
1334 4240 1367 4290 de

196 4311 288 4364 l'ecole
300 4311 492 4364 d'Alexandrie.
506 4313 611 4377 (iudicis
624 4314 656 4364 de
668 4313 805 4375 Mirandol,
817 4315 934 4378 lotrad..
949 4330 974 4379 p.
992 4317 1048 4380 nn.)
1063 4335 1074 4365 ι

230 4395 243 4429 ⁸
260 4391 383 4456 Solium„
395 4392 440 4444 bb.
454 4392 487 4456 11,
498 4405 545 4456 xx,
559 4404 591 4442 n⁰
602 4393 641 4445 35.

232 4477 246 4513 ⁸
262 4474 305 4526 ua
315 4476 438 4535 Quantit.
451 4476 548 4538 caim..
562 4490 586 4526 c.
597 4488 644 4526 xx.

230 4555 244 4589 ⁴
264 4554 397 4618 Retract„
406 4555 451 4606 lib.
464 4556 485 4617 Ι,
499 4569 521 4607 c.
536 4563 571 4616 tv,
585 4554 650 4606 11⁰4.
