3240 5468
762 465 940 538 ..70-

266 659 394 759 clytus,
419 659 525 757 cujus
543 655 717 734 memoria
734 656 772 732 in
790 654 1036 734 benedictione
1055 663 1121 753 est,
1136 663 1172 734 et
1186 656 1380 758 quotannis
1398 657 1439 735 in

266 791 414 872 ecclesia
435 790 600 893 Papiensi
616 790 673 869 die
688 785 756 868 a3³
770 789 924 868 octobris
942 790 1121 869 recolitur.

320 928 423 1004 Inuo
448 924 611 1026 sequenti
636 918 758 1022 (525),
778 947 879 1002 socer
897 923 1021 1022 Boetii,
1040 925 1293 1025 Symmachus,
1314 950 1440 1004 mense

264 1064 435 1161 Augusto,
452 1057 569 1158 gladio
585 1058 723 1135 occisus
738 1056 815 1134 luit.
830 1059 928 1156 Papa
942 1056 1098 1132 Ioannes
1112 1057 1129 1130 Ι
1143 1063 1279 1152 autem,
1293 1080 1377 1133 oum
1393 1057 1443 1134 ab

267 1191 413 1271 Oriente
431 1187 687 1268 comitantibus
711 1189 938 1267 senatoribus
960 1187 1085 1289 legatis
1103 1187 1245 1290 rediret,
1265 1188 1301 1266 in
1322 1215 1442 1269 carce-

265 1351 342 1406 rem
365 1326 548 1427 coniectus
572 1335 636 1421 est,
663 1323 724 1400 uhi
747 1346 902 1401 moerore
925 1330 960 1399 et
987 1320 1105 1399 inedia
1137 1333 1384 1425 consumptua,
1419 1347 1443 1401 e

264 1457 337 1535 vita
364 1453 482 1533 cessit.
507 1456 557 1531 Ex
580 1476 623 1531 eo
649 1461 807 1554 tempore
829 1477 901 1554 quo
921 1454 1190 1556 Symmachum,
1214 1455 1379 1533 Boetium
1397 1479 1443 1534 ac

264 1589 299 1666 S.
330 1591 505 1665 loannem
532 1609 665 1691 papam
694 1585 872 1664 interfecit
901 1586 1157 1684 Theodericus,
1187 1586 1225 1665 in
1256 1611 1443 1666 summum

264 1721 376 1799 animi
391 1742 583 1798 mcerorem
597 1717 734 1816 incidit,
755 1718 804 1795 ita
818 1726 858 1795 ut
869 1718 1006 1797 oblatos
1022 1719 1059 1796 in
1073 1744 1198 1800 mensa
1213 1721 1329 1825 pisces
1343 1721 1442 1800 ima·

263 1857 447 1959 ginaretur
459 1851 730 1932 interfectorum
744 1851 862 1952 capita
877 1848 986 1930 esse¹.
1004 1852 1257 1932 Tandemrero
1273 1850 1443 1934 90‘diea

262 1998 377 2076 morte
403 1988 551 2065 Ioannis
574 2011 677 2089 papae
701 1985 820 2067 subito
848 1985 919 2065 vita
956 1986 1075 2082 cessit,
1107 1987 1165 2066 die
1195 1984 1263 2066 30ει
1291 1975 1442 2089 Augusti

263 2123 347 2200 anni
363 2116 452 2201 tho.
474 2120 585 2203 Paulo
601 2128 683 2220 post
698 2119 956 2201 Amalasuutha
968 2145 1048 2221 quae
1067 2121 1136 2222 ipsi
1146 2122 1183 2204 in
1194 2148 1348 2224 regnum
1357 2148 1443 2203 suc-

263 2255 380 2353 cessit,
401 2255 578 2358 iustitiam
603 2252 905 2354 clementiamque
924 2252 961 2329 in
986 2279 1133 2334 uxorem
1152 2277 1194 2335 ao
1213 2256 1307 2335 filios
1328 2258 1442 2338 Boetii

263 2413 427 2469 exercere
442 2389 602 2492 cupiens,
618 2387 707 2491 ipsis
717 2388 813 2465 hona
823 2388 1068 2488 recuperanda
1079 2388 1206 2467 dedit².
1220 2393 1444 2470 Cumautem

265 2520 398 2598 Totilas
417 2519 540 2618 victor,
560 2543 655 2598 anno
672 2515 761 2620 547,
780 2523 931 2602 Romam
954 2519 1133 2620 iutrdsset,
1157 2547 1199 2602 ac
1221 2524 1442 2622 Rusticiana,

264 2652 379 2731 Boetii
394 2677 497 2750 uxor,
516 2652 762 2753 impeteretur,
785 2662 825 2730 ut
845 2677 925 2753 quae
946 2654 1156 2733 Theoderici
1181 2664 1317 2734 statuas
1341 2682 1444 2736 eser-

266 2794 369 2888 terat,
380 2809 461 2865 eam
475 2787 614 2866 salvom
623 2794 658 2864 et
667 2786 873 2865 incolumen
887 2787 1020 2864 servari
1027 2785 1164 2889 jussit³.
1177 2789 1227 2866 lle
1237 2788 1320 2865 filiis
1330 2789 1443 2867 Boetii

266 2945 414 3026 prorsus
437 2919 516 3000 silet
540 2921 699 3023 historia,
723 2930 845 3005 manet
869 2928 989 2998 autem
1012 2926 1258 3019 aeternumque
1281 2920 1446 3000 manebit

268 3054 380 3156 patris
404 3077 548 3151 nomen,
575 3055 661 3155 quia
680 3059 721 3129 io
740 3055 907 3130 memorio
927 3067 1055 3131 armna
1070 3049 1296 3150 emmanuel
1314 3056 1445 3144 Monu-

269 3193 434 3265 mentum
466 3184 563 3263 enim
595 3184 710 3285 exegit
742 3209 811 3261 aere
844 3187 1049 3284 perennius,
1083 3185 1184 3285 quod
1205 3185 1347 3264 diruere
1376 3212 1445 3265 nec

270 3318 399 3421 poterit
414 3316 683 3398 innumerabilis
703 3339 880 3394 annorum
899 3317 1020 3420 series,
1039 3338 1106 3399 neo
1123 3318 1205 3420 iuga
1227 3332 1443 3421 temporum.

1249 3581 1445 3599 -m—

306 3729 316 3767 ¹
335 3728 456 3794 Procop,
468 3727 509 3781 Dc
522 3728 594 3783 Bell.
606 3727 699 3793 Goth,
711 3727 758 3781 lib.
771 3727 792 3792 1,
807 3739 831 3780 o.
846 3739 865 3779 1.

305 3811 318 3845 ¹
337 3809 463 3871 Cassiod„
479 3809 553 3874 Van,
567 3808 613 3860 lib.
626 3807 693 3874 VIII,
704 3823 745 3875 ep.
754 3808 774 3874 l,
789 3825 800 3856 ι
813 3808 965 3860 claudantur
974 3801 1033 3859 odia
1045 3802 1251 3872 consepultis...
1266 3805 1445 3875 s-Prcoop.,

272 3888 312 3942 De
323 3890 390 3942 Bell.
405 3890 496 3955 Goth,
507 3891 553 3942 lib.
566 3890 587 3952 l,
599 3903 622 3943 c.
639 3903 665 3943 ιι.

307 3973 318 4008 ⁸
336 3970 456 4039 Procop„
469 3972 510 4024 De
525 3971 594 4024 Bell.
605 3971 692 4036 Goth,
706 3971 752 4024 lib.
766 3971 812 4035 111,
825 3985 849 4022 c.
862 3983 908 4025 xx.

304 4056 318 4093 ⁴
336 4053 489 4124 Divulgatur
499 4055 568 4122 apud
578 4053 719 4120 Peiperum
732 4053 782 4104 hoo
793 4051 876 4106 Boetii
887 4066 903 4104 a
914 4049 1070 4117 Symmacho
1084 4050 1220 4101 exaratum
1233 4045 1412 4116 epitaphium:

537 4189 630 4235 nerana
639 4191 660 4234 ct
668 4186 749 4240 uirtutis
757 4198 817 4242 opus,
828 4186 922 4232 Seruum
930 4185 996 4235 Booti.

562 4261 580 4305 It
590 4262 655 4316 patria
663 4260 742 4316 pulsus,
752 4270 793 4304 nou
802 4262 836 4303 mr
846 4258 972 4312 persedere.

538 4335 626 4380 tmuon
634 4335 717 4390 ignotus
726 4335 788 4380 mbos
797 4335 861 4388 suite
874 4334 936 4382 uolut.
947 4335 969 4377 ut
980 4336 1014 4376 tur
1024 4333 1088 4379 ursus

564 4407 590 4452 Ut
604 4409 638 4459 tua
647 4407 726 4452 tortum
735 4405 880 4459 promeruitque
890 4405 970 4459 sophos.

537 4479 585 4525 Post
594 4477 671 4523 obltnm
679 4477 776 4527 danttats
784 4478 863 4527 locum,
874 4480 919 4530 post
931 4476 972 4520 tata
986 4479 1084 4532 superstes

563 4550 636 4597 thsris
644 4547 737 4610 propria,
747 4551 852 4609 umacus
862 4546 914 4595 hus
924 4547 981 4594 colit.
