3240 5468
793 464 834 480 -
858 425 992 499 tlt--

420 613 494 676 Ecca
509 614 638 677 Boetius
651 614 735 676 adast
748 612 779 675 in
794 613 868 675 coelo
883 587 1006 693 magnus
1020 620 1050 674 et
1064 612 1145 675 omni

479 722 654 805 Perspectus
669 722 793 800 mundo,
810 722 903 784 mirus
917 721 1071 784 habendus
1084 721 1215 784 homo...
1235 729 1292 783 etc.

351 960 430 1035 tam
445 982 528 1036 vero
543 966 679 1034 certum
696 967 749 1034 est
762 957 921 1038 codicem
937 956 1219 1034 Laurentianum
1233 957 1329 1034 unde
1343 957 1478 1060 depro'

297 1092 409 1168 mitur
431 1093 500 1168 ista
523 1092 626 1170 lectio
649 1091 884 1170 recentiorem
900 1115 979 1168 esse
1000 1091 1474 1192 (saec.xl11⁰)caeterisquos

298 1227 538 1323 contulimus3
555 1222 804 1302 concionum
819 1225 880 1325 qui
896 1225 1109 1300 Manlianum
1124 1225 1254 1302 Rotam
1268 1225 1471 1326 exscripsit,

296 1360 531 1446 nihilominus
556 1362 737 1452 Raetiam,
768 1384 841 1437 non
860 1361 1032 1436 Boctlum
1057 1360 1095 1435 in
1118 1359 1192 1436 suis
1214 1359 1355 1461 scriptis
1385 1361 1473 1437 reti-

296 1517 403 1589 nare3
430 1488 468 1570 3ο
489 1493 529 1576 ‚in
557 1493 635 1570 aliis
658 1493 818 1593 ejusdem
843 1492 974 1570 codicis
999 1492 1086 1569 locis
1113 1493 1299 1596 Baeticam
1322 1493 1471 1593 quidem

296 1625 445 1702 inveniri
467 1651 509 1704 ac
533 1651 714 1728 nusquam
734 1628 824 1705 alias
842 1629 1028 1716 Buaticum,
1051 1626 1120 1703 nisi
1140 1628 1179 1703 in
1194 1628 1261 1720 hoc
1275 1627 1470 1728 versiculo,

297 1767 334 1834 ut
349 1781 370 1834 a
385 1760 525 1860 poetica
538 1759 616 1860 lege
628 1760 893 1863 imperabatur3
909 1757 948 1837 4⁰
965 1761 1062 1838 varia
1081 1759 1192 1859 elogia
1209 1783 1288 1858 quae
1302 1759 1471 1860 leguntur

295 1893 390 1994 apud
412 1891 557 1995 Peipcr¹
577 1893 694 1972 varios
717 1894 829 1972 Boetii
849 1894 1005 1970 nominis
1029 1892 1206 1971 scribendi
1228 1892 1355 1971 modos
1378 1893 1472 1970 refe·

294 2033 378 2100 runt
394 2061 403 2106 ε
421 2028 581 2117 Boetius,
603 2028 786 2117 Boethius,
809 2029 972 2115 Boacias,
996 2051 1175 2126 nusquam
1196 2050 1279 2104 vero
1298 2027 1467 2105 Boethus.

293 2160 335 2234 In
352 2159 472 2237 codice
489 2160 653 2238 [cidensi
674 2161 803 2263 legitur
823 2191 831 2235 :
1077 2136 1128 2193 s

453 2416 591 2497 Invictus,
609 2428 747 2481 constans
761 2416 893 2496 Anicius,
910 2426 993 2480 ortus
1008 2435 1042 2480 en
1058 2417 1144 2494 urba,
1248 2445 1250 2448 >

452 2525 592 2606 Torquati
607 2543 711 2604 genus,
732 2525 871 2586 exconsul
885 2525 1014 2588 famosus
1030 2533 1060 2588 et
1073 2525 1139 2587 exul

454 2630 656 2712 Patriciusque
671 2631 778 2708 honus,
795 2649 878 2710 mage
893 2631 1005 2694 civibus
1020 2639 1106 2712 atquc
1121 2643 1266 2694 uoueoc.
1276 2677 1297 2694 ..

344 2871 445 2946 Hanc
460 2875 578 2946 autem
599 2870 831 2970 scriptionem
851 2896 891 2949 er
912 2869 1127 2971 etymologia
1146 2893 1259 2971 graeca
1277 2876 1465 2968 exponunt
1481 2873 1489 2887 ‘

290 3003 378 3081 rarii
415 3004 557 3081 codices
585 3005 687 3104 quasi
716 3005 860 3081 Boetius
894 3005 1082 3079 ceciliotor
1110 3027 1152 3079 ac
1179 3005 1335 3104 defensor
1368 3012 1464 3081 esset

291 3135 436 3214 civibus.
463 3139 543 3214 Jam
558 3162 641 3214 vero
655 3146 781 3214 contra
804 3138 897 3214 hanc
917 3136 1171 3238 etymologiam
1187 3160 1258 3212 non
1277 3136 1464 3212 contendi·

290 3294 383 3366 mus,
395 3272 470 3346 Hoc
486 3271 601 3347 solum
617 3269 812 3346 retinemus
833 3294 962 3346 nornen
978 3271 1132 3346 Boethus
1150 3293 1232 3345 cum
1246 3269 1372 3343 Boetia
1389 3292 1463 3346 non

289 3428 367 3482 csse
382 3404 539 3482 decursu
555 3405 725 3505 temporis
743 3412 1000 3503 permutatum.

343 3539 534 3638 Sequentia
555 3547 679 3615 contra
692 3539 734 3612 D.
753 3541 790 3613 C.
811 3536 983 3612 lourdain
999 3537 1226 3638 hypothesim
1247 3536 1461 3618 addantur:

343 3668 380 3746 1ο
400 3673 527 3748 Mirum
548 3696 696 3772 prorsus
712 3680 747 3748 et
766 3671 967 3748 inauditum
987 3671 1225 3768 assaturam
1244 3680 1352 3747 tantae
1370 3673 1462 3750 doc-

289 3804 405 3901 trinae,
422 3815 548 3907 utpote
568 3814 751 3882 auctorem
766 3830 916 3906 operum
933 3804 1214 3906 theologicorum
1228 3805 1289 3905 qui
1304 3806 1461 3883 Boetius

287 3939 515 4039 supponitur,
534 3939 726 4040 nequidem
747 3949 787 4015 ut
807 3939 1016 4038 scriptorem
1041 3939 1314 4041 qualiscumque
1338 3939 1460 4042 operis

286 4073 404 4150 notari
423 4073 463 4150 in
477 4073 632 4150 Historia
649 4073 901 4170 ecclesiastica,
918 4098 960 4151 ao
974 4073 1119 4173 penitus
1136 4073 1297 4174 ignotum
1311 4097 1459 4152 reman-

235 4221 240 4229 ’
285 4206 396 4305 sisse3

320 4532 329 4564 ¹
352 4530 469 4594 Introit,
484 4547 509 4595 p.
525 4532 626 4582 XXXIV
641 4537 668 4582 et
683 4547 737 4597 seq.
