3240 5468
725 460 923 531 -ldd-

294 647 498 727 Doctrinam
522 648 566 726 de
584 651 694 727 libero
714 651 868 727 bominis
887 651 1047 745 arbitrio,
1063 652 1162 748 quod
1182 651 1280 728 velut
1301 653 1419 728 totius

236 785 372 859 ordinis
404 785 547 861 moralis
580 798 686 884 caput
719 809 759 860 ac
789 784 1064 859 fundamentum
1093 783 1223 879 existit,
1255 784 1419 862 fideliter

237 919 343 992 tradit
368 920 508 993 boetius
534 918 720 1017 permultis
741 918 778 992 in
799 918 885 992 locis
904 941 1051 992 snorum
1071 941 1233 1016 opernm.
1250 917 1294 991 ln
1315 917 1417 992 libro

235 1047 280 1122 de
290 1052 314 1122 I
315 1074 333 1120 n
340 1051 579 1146 terpretationc
590 1050 637 1124 ita
652 1051 812 1126 disserit:
828 1081 843 1112 α
858 1053 928 1126 Nos
943 1050 1039 1125 enim
1054 1050 1207 1126 liberum
1217 1049 1416 1125 arbitrium

231 1180 415 1276 ponimus,
451 1181 549 1254 nullo
582 1180 801 1258 extrinsecus
836 1190 982 1281 cogente
1016 1183 1054 1256 in
1087 1181 1147 1276 id,
1174 1180 1270 1280 quod
1301 1180 1416 1257 nobis

231 1309 438 1387 laciendum
462 1312 516 1387 vel
541 1337 612 1388 non
635 1313 842 1388 laciendum
867 1311 1124 1410 judicantibus,
1151 1310 1416 1411 perpendenti-

230 1444 368 1541 busque
397 1445 590 1520 vidcatur¹.
617 1481 633 1511 a
667 1445 838 1520 Eamdem
859 1443 1061 1519 doctrinam
1082 1452 1175 1519 tenet
1204 1443 1241 1518 in
1268 1437 1416 1517 Conco-

230 1574 367 1651 lntr'onc.
403 1611 417 1642 ι
447 1578 518 1668 Est,
546 1575 674 1673 inquit,
704 1577 817 1650 nostri
840 1575 977 1650 arbitrii
997 1574 1154 1671 libertas,
1171 1576 1414 1673 nequeenim

229 1706 335 1781 luerit
371 1708 442 1784 ulla
470 1708 655 1783 rationalis
692 1720 836 1805 natura,
869 1707 955 1806 quin
986 1707 1103 1783 eidem
1130 1707 1277 1784 libertas
1311 1708 1414 1783 adsit

228 1839 404 1915 arbitrii...
423 1840 541 1925 Quare
557 1840 686 1936 quibus
699 1839 792 1914 inest
807 1839 911 1935 ratio,
927 1839 1019 1914 inest
1034 1837 1142 1914 etiam
1157 1835 1245 1935 ipsis
1260 1835 1412 1912 volendi

229 1969 443 2069 nolendique
459 1971 615 2048 libertas.
634 1971 704 2047 Sed
724 1973 816 2047 hanc
831 1995 902 2048 non
922 1971 959 2046 in
978 1969 1147 2047 omnibus
1164 1991 1307 2068 aequam
1324 1993 1412 2046 esse

229 2098 439 2178 constitno².
466 2139 482 2169 ι

283 2236 437 2320 Quinam
475 2259 559 2311 vero
600 2235 671 2310 sint
701 2235 789 2314 varii
817 2236 855 2311 in
886 2236 1030 2312 homine
1062 2233 1235 2313 libertatis
1268 2235 1409 2336 gradus

229 2367 379 2466 explicat
407 2367 638 2466 sequentibus
672 2367 824 2444 verbis:
862 2401 877 2434 α
921 2369 1106 2444 Humanas
1141 2391 1225 2446 vero
1261 2369 1408 2445 animas

228 2499 410 2576 liberiores
425 2524 504 2575 esse
519 2522 663 2575 necesse
678 2512 743 2598 cst,
759 2523 841 2575 cnm
860 2525 899 2576 se
917 2502 955 2575 in
975 2502 1105 2578 mentis
1123 2501 1253 2580 dirinae
1272 2526 1410 2603 specu-

229 2632 358 2708 latione
382 2639 628 2708 conservant:
658 2631 774 2707 llinns
797 2656 893 2732 vero,
914 2657 996 2711 cnm
1017 2634 1226 2710 dilabuntur
1249 2636 1296 2712 ad
1319 2659 1408 2712 cor·

229 2789 336 2864 pora3
368 2766 560 2865 minusque
580 2764 700 2859 etiarn,
724 2788 805 2840 cum
828 2767 977 2843 terrenis
1003 2768 1151 2843 artubus
1174 2766 1405 2867 colligantur.

227 2896 392 2971 Extrema
417 2922 499 2972 vero
520 2904 574 2973 est
601 2898 765 2995 servitus,
788 2922 870 2974 cnm
890 2899 983 2976 vitiis
1002 2902 1131 2979 deditae
1151 2901 1304 2979 rationis
1318 2926 1406 3002 pro

224 3029 310 3126 price
340 3023 566 3128 possessione
598 3030 812 3106 ceciderunt.
844 3033 933 3107 Nam
962 3032 1023 3107 nbi
1052 3030 1175 3109 oculos
1199 3056 1221 3106 a
1245 3056 1404 3109 summae

223 3160 299 3236 luce
328 3163 487 3236 veritatis
515 3162 561 3236 ad
592 3161 761 3240 inferiora
790 3177 825 3240 et
857 3166 1043 3240 tenebrosa
1071 3163 1280 3263 dejecerint,
1311 3187 1402 3241 mox

221 3295 369 3370 inscitiae
399 3297 493 3370 nube
526 3294 695 3393 caligant,
725 3299 932 3397 perniciosis
961 3299 1149 3373 turbantur
1181 3295 1398 3394 affectibus,

217 3426 347 3526 quibus
380 3427 584 3505 accedendo
614 3429 940 3530 consentiendoque
973 3454 1084 3531 quam
1122 3430 1288 3508 invexere
1323 3429 1399 3506 sibi

215 3662 360 3674 *

212 3804 427 3868 profunditatem,
453 3823 463 3850 ι
487 3804 620 3854 Nitzschio
640 3806 775 3869 sequentia
798 3806 1014 3855 commendamus
1029 3819 1036 3854 ε
1050 3821 1061 3850 r
1075 3803 1180 3853 Boetius
1196 3802 1257 3854 inV
1271 3801 1396 3866 Consul„

213 3886 309 3948 ligarat
321 3884 419 3933 multos
431 3884 551 3946 circulos,
564 3885 593 3932 in
606 3899 720 3946 qnorum
736 3892 836 3946 ceretro,
852 3885 914 3932 ordo
927 3889 953 3933 et
966 3898 1043 3934 causa
1055 3888 1095 3933 est
1105 3882 1150 3932 sati
1162 3886 1189 3932 et
1204 3881 1324 3931 fatalium
1336 3897 1345 3944 3
1368 3890 1397 3933 et

212 3967 240 4015 in
259 3965 358 4014 circulo
380 3964 521 4014 distante...
543 3968 583 4012 est
603 3964 778 4030 contingentia
795 3970 821 4014 et
837 3964 997 4014 mutabilitas
1014 3979 1060 4028 per
1077 3977 1135 4013 esse
1161 3965 1352 4026 generatorum
1366 3968 1396 4012 et

211 4051 408 4109 corruptorum
422 4048 449 4093 et
464 4044 501 4093 sic
514 4050 553 4093 est
569 4045 701 4109 dispositio
719 4061 775 4096 esse
793 4052 820 4095 et
835 4046 894 4095 vitae
910 4045 938 4094 in
960 4051 1049 4095 mente
1070 4043 1183 4092 motoris
1199 4040 1289 4104 primi
1308 4054 1395 4103 quem

209 4122 296 4191 explet
308 4126 420 4175 circulus
430 4125 504 4188 juxta
516 4129 649 4175 causatum
663 4126 831 4190 propinquior
846 4126 890 4188 (S.
904 4119 1007 4182 Tironi..
1025 4123 1123 4186 Opusc.
1140 4120 1220 4170 XXIV
1233 4120 1268 4168 de
1277 4118 1368 4183 Fato).
1381 4138 1393 4166 ι

208 4237 239 4246 -
252 4208 290 4258 De
303 4209 445 4258 ittaccecsa
460 4206 518 4255 luce
529 4205 593 4254 dicit
606 4207 701 4256 Paulus
716 4224 725 4252 r
739 4206 784 4268 qni
797 4208 883 4255 lucem
896 4205 1022 4254 inhabitat
1039 4198 1294 4261 inaccessibilem-(1,
1306 4196 1395 4260 Tim,

208 4287 311 4352 v1‚16);
327 4305 337 4335 r
353 4288 385 4337 de
398 4286 589 4350 profunditate
599 4286 729 4336 Deiidem
741 4285 855 4335 Paulus:
872 4283 1033 4334 rOaltitudo
1043 4280 1192 4334 divitiarum
1209 4276 1347 4341 sapientiae
1364 4285 1393 4328 et

207 4367 323 4419 scientiae
335 4367 383 4418 Dei
394 4367 492 4430 (Rom,
505 4380 535 4428 11,
548 4366 597 4431 33).
612 4385 622 4413 ι

241 4467 250 4496 r
274 4463 360 4496 irim
382 4466 392 4496 s
417 4462 491 4496 irin
515 4477 532 4496 a
554 4463 600 4496 rao
