3240 5468
762 441 959 512 „134-

281 638 404 713 lormae
430 657 547 711 rerum
573 629 821 726 materialium,
839 637 880 703 ut
898 629 947 703 ait
966 631 1005 703 D.
1025 626 1212 726 Thomas¹,
1230 654 1338 732 supra
1352 632 1459 733 ipsas

280 767 666 867 effunduntur,acdum
682 788 782 840 mens
792 761 1051 860 eascognoscit,
1064 760 1109 836 ad
1120 786 1270 863 corpora
1280 764 1460 840 effoditur

278 926 322 980 ac
339 900 517 978 dilabitur.
535 901 596 974 Est
615 898 721 972 etiam
742 893 873 995 gradus
888 916 1013 968 eorum
1028 892 1089 993 qui
1108 892 1155 968 ad
1169 893 1339 969 interiora
1357 903 1459 970 tene-

278 1035 489 1133 bricosaque
512 1030 635 1108 oculos
659 1028 863 1129 dejicientes
895 1025 1085 1101 «terrenis
1110 1027 1257 1102 artubus
1288 1055 1302 1088 a
1333 1028 1370 1103 id
1402 1040 1459 1104 est

278 1189 449 1242 sensuum
466 1160 712 1238 instrumentis
728 1167 869 1234 tantum
883 1163 1033 1233 utuntur
1047 1155 1084 1231 in
1100 1181 1220 1233 rerum
1235 1160 1457 1260 cognitione,

278 1297 412 1398 quique
437 1319 520 1371 mor
542 1293 690 1373 inscitiae
714 1293 808 1371 nube
833 1291 1002 1392 caligant,
1029 1287 1238 1389 perniciosis
1262 1292 1459 1370 turbantur

278 1427 476 1522 affectibus,
509 1425 613 1503 etad
640 1425 873 1526 intelligibilia
904 1433 939 1501 et
962 1423 1081 1500 divina
1110 1434 1293 1522 nequeunt
1320 1429 1458 1504 mentis

278 1563 401 1639 ocrrlos
420 1562 620 1658 sublevare,
632 1563 733 1661 juxta
749 1560 837 1636 illud
853 1557 1065 1659 Sopieutie’
1079 1558 1225 1634 effatum
1245 1593 1254 1637 ι
1279 1564 1458 1662 «Corpus

276 1693 373 1791 quod
389 1690 630 1791 corrumpitur
645 1703 812 1793 aggravat
828 1691 1003 1789 animum,
1019 1698 1055 1766 et
1077 1697 1217 1766 terrena
1238 1692 1458 1769 inhabitatio

277 1823 444 1924 deprimit
460 1847 607 1900 sensum
616 1824 728 1901 multa
740 1823 965 1924 cogitantem.
987 1856 1004 1890 o
1020 1823 1131 1900 ltane
1147 1825 1294 1900 verbum
1305 1827 1456 1925 quidem

277 1953 430 2030 occurrit
455 1955 550 2032 circa
568 1955 771 2031 animarum
791 1953 1102 2056 praeexistentiam,
1125 1962 1160 2030 et
1185 1977 1315 2055 corpus
1342 1956 1460 2032 aethe-

277 2109 405 2182 raeum,
438 2088 540 2187 juxta
575 2087 758 2184 Proclum,
793 2095 831 2162 ut
858 2086 1036 2162 Nitzschio
1059 2095 1094 2163 et
1128 2086 1205 2163 aliis
1235 2088 1458 2190 quibusdam

280 2217 430 2295 videtur.
1251 2233 1254 2240 ’

331 2351 523 2428 Maximum
543 2351 684 2452 pondus
700 2352 819 2454 posuit
839 2351 985 2429 Boetius
1004 2352 1040 2429 in
1066 2355 1235 2433 solvenda
1254 2356 1459 2455 quaestione

279 2506 473 2560 concursus
489 2485 724 2562 Praescientiae
738 2486 867 2562 divinae
882 2510 965 2563 cum
988 2486 1100 2565 libero
1119 2488 1275 2564 hominis
1294 2489 1457 2568 arbitrio.

281 2615 382 2691 Hanc
406 2616 592 2692 materiam
616 2625 808 2716 pertractat
833 2625 908 2694 toto
931 2617 1007 2695 fere
1027 2618 1117 2694 libro
1137 2619 1263 2717 quinto
1286 2614 1460 2696 Consolc-
1522 2720 1528 2730 ¹

285 2746 399 2848 tionis,
415 2755 449 2823 et
465 2749 571 2825 ctiam
592 2751 629 2827 iu
647 2752 750 2828 Libro
765 2753 816 2827 lll
831 2753 871 2826 tle
886 2749 1212 2850 Interpretutioue³.

334 2880 477 2955 Certum
493 2889 557 2977 est,
575 2883 624 2957 ait
640 2883 792 2980 Boetius,
805 2882 960 2961 divinam
978 2883 1242 2960 Providentiam
1260 2884 1457 2964 laterenon

284 3033 388 3111 posse
413 3011 587 3110 quidquid
616 3023 670 3088 est
694 3013 868 3107 futurum,
897 3037 948 3116 ac
965 3013 1151 3090 scientiam
1178 3015 1285 3090 istam
1317 3017 1379 3092 Dei
1412 3020 1460 3094 de

282 3144 404 3219 futuro
433 3168 507 3220 non
541 3169 619 3220 esse
647 3169 785 3222 meram
814 3145 1036 3247 opinionem,
1067 3147 1129 3224 sed
1162 3147 1347 3224 scientiam
1378 3148 1458 3225 lalli

286 3274 454 3372 nesciam,
472 3299 536 3352 nec
550 3284 690 3354 tantum
702 3279 834 3355 essedo
845 3279 951 3355 rebus
963 3304 1043 3380 quae
1054 3278 1257 3357 necessario
1273 3280 1457 3378 eveniunt,

286 3407 470 3485 sedetiam
487 3407 530 3484 de
546 3408 703 3486 consiliis
719 3434 760 3485 ac
778 3410 1021 3486 voluntatibus
1037 3411 1235 3489 hominum.

286 3616 430 3626 ..u—..—

320 3736 329 3768 ¹
352 3732 392 3782 Dc
404 3734 491 3795 verit,
504 3748 547 3796 qu.
561 3746 590 3792 u,
605 3747 628 3783 a.
642 3733 666 3794 2,
678 3734 710 3783 ad
721 3733 762 3782 2¹.

318 3814 331 3848 ¹
352 3813 427 3876 Sap,
439 3826 477 3874 rx,
489 3812 534 3877 153
548 3813 642 3863 similia
656 3814 778 3877 leguntur
788 3814 855 3876 apud
870 3814 979 3862 Paulum
995 3831 1000 3863 :
1016 3832 1026 3860 r
1041 3815 1168 3864 ilnimalis
1183 3815 1262 3864 homo
1278 3829 1330 3864 non
1347 3816 1461 3880 percipit

286 3907 315 3942 ea
327 3906 385 3956 quae
396 3897 459 3942 sunt
470 3892 579 3956 Spiritus
590 3893 637 3942 Dei
650 3895 681 3956 (I,
696 3893 766 3956 Cor,
780 3906 808 3955 11,
822 3894 875 3958 ttt3
891 3894 923 3943 ct.
938 3895 1025 3955 (lonc,
1037 3895 1078 3955 lll,
1092 3899 1155 3945 met.
1169 3897 1193 3956 9,
1206 3910 1229 3946 v.
1244 3895 1283 3944 25.

629 4000 703 4055 Disjice
712 4004 794 4045 terrena
802 4002 886 4045 nebulas
893 4005 913 4045 et
920 4001 1008 4054 pondera
1015 4003 1083 4045 molis.

321 4129 332 4162 ὅ
353 4126 449 4193 Migne‚
462 4131 479 4176 t.
494 4126 579 4187 LXIV,
594 4141 620 4189 p.
633 4125 686 4177 500.
700 4127 793 4178 Utrum
804 4132 893 4177 autem
903 4127 925 4176 si
938 4125 1026 4176 omnia
1038 4126 1122 4176 lutura
1134 4128 1198 4177 sciat
1211 4128 1288 4186 Deus,
1299 4126 1386 4175 omnia
1399 4141 1458 4178 esse

285 4222 393 4260 necesse
404 4212 453 4266 est,
466 4207 502 4256 ita
514 4221 669 4271 quaeramus.
684 4208 711 4258 Si
723 4208 781 4270 quis
794 4208 863 4257 dicat
874 4208 920 4257 Dei
931 4208 1068 4258 scientiam
1080 4208 1113 4256 de
1128 4205 1221 4254 suturis
1240 4209 1380 4254 eventuum
1392 4208 1458 4256 sub-

286 4290 360 4354 sequi
372 4290 565 4352 necessitatem,
578 4289 600 4340 is
612 4289 727 4353 prolecto
739 4302 911 4337 conversurus
923 4291 970 4349 est,
984 4287 1006 4337 si
1020 4286 1108 4337 omnia
1120 4300 1151 4335 er
1164 4284 1319 4334 necessitate
1331 4298 1384 4333 non
1397 4299 1459 4334 con-

286 4369 399 4433 tingunt,
412 4369 500 4419 omnia
513 4371 596 4419 Deum
607 4370 673 4420 scire
685 4382 737 4418 non
750 4382 854 4432 posse...
866 4368 944 4417 Novit
954 4367 1025 4416 enim
1035 4368 1121 4418 lutura
1131 4368 1208 4430 Deus,
1218 4380 1272 4416 non
1283 4372 1312 4416 ut
1322 4381 1355 4416 ex
1366 4381 1458 4418 neces

286 4448 361 4498 sitete
373 4448 528 4508 evenientia.
544 4451 589 4500 sed
599 4455 628 4501 ut
640 4447 835 4513 contingenter,
848 4448 883 4496 ita
895 4452 924 4497 ut
936 4447 1016 4498 etiam
1029 4448 1100 4498 aliud
1117 4461 1192 4511 posse
1205 4445 1262 4496 fieri
1278 4460 1332 4496 non
1343 4446 1457 4511 ignoret,

284 4528 351 4589 quod
364 4530 452 4577 tamen
464 4527 509 4578 tint
520 4543 551 4578 ex
562 4528 678 4593 ipsorum
689 4527 827 4579 hominum
840 4530 865 4578 et
881 4531 986 4578 actuum
1000 4526 1100 4578 ratione
1116 4525 1269 4591 persciscat.
