3240 5468
760 451 957 522 ..106-

277 644 519 745 ticipatiunem
548 642 660 742 ipsius
687 665 776 736 esse,
802 649 912 718 restat
936 649 974 715 ut
1001 638 1189 741 participet
1216 663 1450 742 quocumque

276 779 356 872 alio,
373 778 418 854 ad
435 778 503 852 hoe
523 774 655 853 seilicet
670 775 765 874 quod
782 773 827 849 sit
842 771 990 876 aliquid.

329 911 535 1007 Sequuntur
550 931 760 984 communes
775 906 1024 1006 conceptiones
1040 905 1084 982 de
1098 928 1180 980 unu.

326 1158 351 1225 Ι.
370 1157 469 1227 Ounn
493 1171 641 1223 srurnnx
662 1168 745 1222 usse
764 1169 859 1223 suun
883 1170 926 1222 rr
950 1169 985 1221 m
1004 1168 1098 1232 Quen
1115 1169 1177 1223 usr
1198 1170 1297 1224 unuu
1312 1169 1447 1223 unnim.

327 1302 368 1375 In
385 1299 605 1399 simplicibus
620 1322 764 1374 neeesse
779 1305 832 1375 est
847 1297 943 1396 quod
958 1298 1072 1396 ipsum
1087 1320 1157 1373 eme
1171 1305 1206 1372 et
1220 1299 1256 1372 id
1270 1299 1360 1396 quod
1375 1313 1445 1384 est,

275 1435 319 1510 sit
339 1458 450 1509 unum
471 1442 504 1507 et
529 1431 623 1508 idem
646 1430 799 1508 realiter.
822 1431 858 1507 Si
881 1431 976 1508 enim
1002 1431 1099 1507 aliud
1124 1435 1216 1507 esset
1238 1431 1381 1508 realiter
1408 1432 1455 1507 id'

273 1565 367 1664 qrrud
387 1575 440 1642 est
455 1571 489 1640 et
504 1565 621 1664 ipsum
639 1589 739 1659 esse3
756 1567 830 1663 jam
847 1589 919 1640 non
934 1576 1027 1640 esset
1043 1564 1204 1664 simplex,
1221 1563 1283 1640 sed
1299 1587 1448 1664 compo·

273 1698 423 1775 situm...
440 1697 516 1774 Hoc
527 1706 647 1773 autem
663 1697 812 1798 simplex
830 1721 941 1773 unum
956 1707 990 1774 et
1005 1696 1156 1773 sublime
1171 1705 1225 1774 est
1239 1697 1317 1796 ipse
1335 1698 1444 1774 Deus,

287 1949 289 1954 ·
326 1930 366 1999 ll.
394 1930 484 2000 Ouru
504 1941 698 1998 uouresmu
722 1943 828 1997 aurun
851 1942 914 1996 rasr
939 1942 1038 2008 usse,
1063 1941 1170 1996 aurun
1192 1941 1297 1996 resuu
1319 1942 1398 1995 uer.

324 2073 462 2149 Etenim
482 2073 521 2148 iu
540 2073 638 2153 omni
656 2096 790 2172 requae
807 2079 947 2148 nonest
964 2096 1070 2147 suum
1085 2095 1163 2148 esse
1181 2071 1281 2148 adest
1296 2094 1455 2172 compo·-

272 2205 509 2301 siti02seilieet
524 2205 568 2282 de
582 2215 663 2283 ente
678 2214 712 2282 et
727 2204 894 2304 essentie,
912 2248 963 2261 —-
978 2205 1022 2282 de
1042 2203 1200 2306 potentia
1218 2211 1254 2280 et
1272 2210 1367 2300 actu,
1392 2249 1445 2264 -

271 2339 316 2416 de
335 2348 417 2416 ente
432 2339 655 2416 substantiali
675 2346 710 2415 et
726 2338 771 2415 de
785 2347 866 2415 ente
882 2337 1127 2416 accidentali...

326 2474 374 2550 lle
389 2474 483 2550 bonu
498 2483 620 2550 autem
636 2475 685 2549 ita
700 2472 858 2549 decernit
872 2472 1017 2550 Boetius
1038 2505 1047 2550 ε

323 2704 347 2770 l.
374 2703 482 2773 OMNIS
503 2717 705 2770 DIVERSITAS
724 2715 884 2782 DISCORS3
904 2716 1104 2772 SIMILITUDO
1126 2719 1216 2774 vetto
1236 2720 1445 2777 APPETENDA

270 2835 350 2900 EST3
372 2835 416 2888 ET
432 2834 524 2897 QUOD
538 2833 685 2888 ΑΡΡΕΤΙΤ
699 2834 804 2887 ALIUD
821 2833 1039 2888 OSTENDITUR
1053 2835 1166 2898 Qubbe
1180 2837 1244 2890 EST
1255 2838 1359 2893 ILLUD
1373 2799 1444 2894 HOC

269 2951 372 3007 IPSUM
388 2950 480 3014 QUOD
495 2950 654 3004 ΑΡΡΕΤΙΤ.

324 3080 426 3155 Ratio
451 3090 504 3155 est
523 3080 607 3177 quia
631 3079 748 3156 simile
767 3091 916 3180 augetur
939 3092 972 3158 et
997 3083 1181 3183 perficitur
1206 3110 1272 3160 suu
1296 3085 1449 3162 similit

270 3216 388 3288 Unum
410 3211 576 3311 quodque
597 3220 717 3288 autem
743 3214 878 3314 appetit
900 3241 1005 3291 suum
1030 3229 1263 3317 augmentum
1283 3228 1317 3297 et
1334 3245 1440 3297 suam

269 3343 535 3444 perfectionem.
555 3344 634 3420 lam
656 3368 738 3422 vero
757 3346 896 3422 Bonum
917 3349 1087 3448 estquod
1110 3351 1230 3427 omnia
1250 3363 1445 3452 appetunt.-

269 3479 397 3556 Omnia
423 3485 542 3555 aulem
567 3478 718 3556 tendunt
741 3479 787 3556 ad
811 3479 952 3578 similia,
975 3506 1059 3582 ergo
1082 3484 1204 3559 omnia
1226 3484 1322 3561 bena
1341 3499 1440 3587 sunt,

267 3613 349 3714 quia
382 3611 530 3689 tendunt
557 3612 602 3688 ad
632 3611 772 3688 similia.
805 3613 867 3687 Est
899 3624 1018 3691 autem
1048 3641 1162 3692 uuum
1192 3642 1376 3695 summum
1405 3630 1439 3698 et

268 3737 548 3822 substantialiter
572 3747 721 3843 bonum,
746 3744 879 3822 seilicet
904 3746 1020 3843 lleus3
1048 3756 1176 3824 caetera
1199 3763 1282 3826 sunt
1306 3776 1441 3829 seeun-

268 3878 379 3971 daria,
399 3877 606 3956 relativa-au
628 3903 691 3979 per
706 3880 1016 3981 participationem
1031 3881 1125 3957 bona
1140 3912 1148 3976 3
1165 3906 1248 3958 nam
1269 3884 1299 3958 si
1314 3885 1437 3962 omnia

268 4019 387 4086 essent
419 4010 538 4111 ipsum
572 4011 728 4110 primurn
759 4014 911 4112 bonum,
946 4022 1155 4113 sequeretur
1187 4016 1281 4115 quud
1316 4014 1440 4094 omnia

267 4144 362 4220 entia
382 4152 501 4222 essent
521 4145 626 4242 Deus,
649 4146 744 4245 quud
763 4147 881 4224 dicere
896 4149 996 4225 nefas
1013 4156 1076 4225 est.
1093 4148 1169 4225 llon
1188 4149 1295 4249 igitur
1313 4153 1437 4229 omnia

301 4467 309 4500 ¹
332 4467 424 4517 Amica
446 4468 519 4518 enim
539 4468 690 4518 similitudo.
713 4468 899 4520 Dissimilitudo
925 4485 987 4521 vero
1011 4471 1099 4522 odiosa
1127 4477 1205 4537 atque
1231 4473 1361 4526 contrarie
1387 4475 1436 4538 (De

266 4545 381 4605 Musica,
392 4547 437 4598 lib.
450 4548 472 4610 1,
487 4561 510 4599 c.
525 4560 544 4609 1,
558 4547 654 4613 migne,
668 4552 685 4597 t.
705 4546 792 4609 LXIII,
804 4550 854 4601 col.
868 4548 937 4605 1168.
