3240 5468
697 443 896 570 „123ss

207 688 271 767 ber
285 690 309 783 ¹,
336 694 457 789 justus
475 687 499 782 ¹,
531 688 732 764 misericors
747 686 771 783 ³,
803 691 1001 778 eternus⁴,
1034 716 1099 767 sua
1131 687 1382 768 Providentia⁵

126 860 132 865 ·
207 830 335 898 cuncta
347 819 517 922 prospicit
533 828 566 896 ot
582 818 820 896 administrat.

261 980 376 1084 Deum
392 1004 472 1056 esse
491 977 653 1055 omnium
669 1002 791 1053 rerum
811 1012 826 1044 α
847 982 1000 1079 Patrem,
1025 1017 1042 1048 »
1064 1015 1079 1047 α
1101 983 1340 1080 Conditorem,
1362 1020 1379 1050 »

210 1142 226 1175 ι
261 1107 504 1209 Principium,
544 1144 561 1175 ι
602 1140 619 1173 α
657 1115 868 1184 naturarum
901 1113 1062 1188 omnium
1101 1115 1322 1192 Proditorem
1361 1153 1377 1183 ι

209 1274 227 1309 ι
259 1241 423 1317 omnium
450 1263 572 1316 rerum
601 1237 815 1336 Principem,
847 1269 862 1301 υ
895 1274 910 1305 «
940 1244 1102 1318 omnium
1132 1253 1325 1343 potentem,
1361 1283 1394 1331 ι,

206 1374 406 1451 innumeris
420 1373 507 1450 locis
522 1372 650 1449 asserit
665 1372 916 1471 Boetiusipse
935 1374 1103 1449 Deusdat
1121 1412 1136 1446 a
1154 1376 1318 1452 creatisa
1341 1401 1381 1452 se

205 1504 314 1582 rebus
333 1534 348 1568 ι
370 1515 409 1579 ut
424 1512 613 1600 maneant,
635 1504 713 1605 ipse
735 1545 750 1579 a
772 1507 923 1583 conditis
942 1509 1050 1586 rebus
1069 1510 1249 1611 antiquior
1269 1511 1379 1589 videri

205 1637 312 1716 debet
337 1638 452 1737 potius
477 1636 694 1737 proprietate
716 1638 1048 1739 simplicisnaturae
1073 1667 1182 1742 quarn
1207 1646 1380 1744 temporis

206 1769 426 1871 quantitate;
446 1799 461 1832 υ
489 1769 568 1867 ipse
591 1802 608 1833 «
638 1769 775 1845 stabilis
795 1795 946 1849 manens
965 1775 1027 1849 dat
1047 1786 1177 1850 cuncta
1194 1775 1337 1871 moveri,
1360 1811 1376 1843 »

205 1927 249 1979 ac
271 1902 359 1978 dum
383 1933 398 1966 c
422 1911 563 2000 tempus
579 1902 623 1976 ab
643 1925 719 1976 aevo
739 1901 791 1977 ire
808 1904 921 2001 jubet,
942 1905 1041 1979 solus
1061 1913 1115 1980 est
1133 1939 1149 1971 α
1168 1915 1333 2003 aternus,
1358 1942 1377 1975 2

206 2044 245 2110 nt
269 2033 332 2135 qui
355 2067 371 2100 α
400 2033 701 2110 interminabilem
726 2036 836 2111 vitam
862 2046 973 2112 totam
995 2039 1101 2113 simul
1125 2048 1159 2114 et
1185 2040 1379 2138 perlectam

205 2356 371 2432 simplicitate
382 2357 537 2423 presentiae,
550 2356 703 2422 infinitaque
719 2359 844 2421 praeteriti
859 2374 889 2409 ac
902 2360 981 2411 futuri
998 2361 1080 2425 spatia
1093 2363 1281 2426 complectens,
1291 2361 1377 2410 omnia

204 2437 279 2567 qugsi
284 2437 481 2568 pamnpprqntur
492 2437 520 2488 in
532 2451 580 2489 sua
590 2437 702 2501 simplici
717 2438 866 2502 cognitione
881 2441 1028 2491 considerat
1040 2439 1077 2503 (G.
1089 2440 1120 2502 V,
1132 2456 1171 2504 pr.
1187 2441 1220 2503 6).

262 2554 267 2568 .
308 2553 315 2578 ,
385 2553 392 2570 .
423 2555 429 2567 .

538 2596 595 2642 Hand
604 2597 633 2643 sic
642 2597 710 2652 magni
724 2598 816 2644 eonditor
826 2599 898 2652 orbiu

539 2671 589 2713 tiuic
599 2679 623 2712 er
632 2668 673 2712 alto
684 2671 755 2711 cancta
763 2669 826 2712 tuenti
925 2656 930 2665 ’

539 2741 599 2787 natta
608 2743 665 2787 terre
674 2740 727 2785 mols
735 2740 846 2793 resistunt3

541 2816 587 2862 Non
596 2825 636 2860 nox
645 2812 694 2857 atris
704 2812 791 2857 nubibus
799 2813 875 2858 obstat.

539 2887 588 2940 Qua
599 2886 700 2940 sintque
709 2884 791 2934 tuerint,
801 2883 918 2937 veniantque

540 2960 584 3002 Uno
596 2957 669 3001 mentis
678 2956 743 3000 cernit
754 2955 776 2998 in
787 2955 837 2998 ictu.

240 3065 249 3100 ¹
272 3034 351 3117 drms.n
362 3064 406 3127 ΠΙ,
420 3070 484 3116 met.
499 3065 523 3115 9.

497 3175 559 3227 Qum
568 3184 610 3218 non
619 3175 706 3217 extense
715 3171 833 3226 pepulerunt
844 3170 921 3226 msere
931 3180 996 3216 aare

497 3244 585 3288 ttaterie
594 3242 691 3286 adramis
699 3252 759 3296 opus.

205 3432 208 3439 .
237 3366 249 3398 ¹
271 3363 358 3415 Manet
374 3365 452 3415 etiam
473 3369 603 3428 spectator
621 3366 742 3429 desuper,
761 3371 914 3416 cunctorum
925 3366 1049 3429 praescius
1061 3367 1139 3425 Deus,
1152 3366 1309 3429 visionisque
1321 3366 1378 3428 ejus

204 3458 320 3508 presens
328 3458 436 3509 semper
455 3446 595 3509 aeternitas,
616 3461 677 3495 cum
690 3451 839 3497 nostrorum
858 3451 964 3496 actuum
988 3447 1073 3494 futura
1092 3445 1216 3507 qualitate
1237 3445 1375 3505 concurrit,

204 3524 279 3574 bonis
291 3525 407 3589 praemia,
419 3525 495 3575 maiis
506 3526 632 3589 supplicia
643 3527 797 3589 dispensans
814 3526 849 3589 ζῦ.
862 3527 893 3585 V,
905 3541 942 3588 pr.
956 3525 988 3587 dl.

238 3604 250 3637 ⁸
270 3602 327 3652 Nec
343 3602 437 3654 trustra
450 3609 511 3653 sunt
524 3604 550 3652 in
564 3605 618 3653 Deo
630 3605 720 3667 positae
732 3618 791 3667 spes
803 3617 956 3668 precesque.
969 3618 1028 3667 quae
1040 3592 1100 3651 clim
1110 3604 1190 3651 rectae
1204 3607 1275 3662 sunt,
1290 3601 1377 3650 ineid-

203 3696 279 3733 eaces
292 3698 351 3733 esse
364 3699 419 3733 non
434 3689 543 3748 possunt
556 3686 599 3748 (C.
616 3687 644 3745 V,
657 3699 697 3747 pr.
709 3683 742 3744 tt).

237 3766 250 3800 ⁴
270 3764 353 3813 Deum
373 3763 451 3829 igitur
468 3769 595 3814 aeterrrunr
617 3779 673 3813 esse
693 3768 847 3813 cunctorum
862 3763 960 3812 ratione
975 3761 1126 3825 degentium
1141 3775 1280 3809 commune
1306 3762 1376 3824 judi-

203 3842 274 3892 cinm
289 3841 378 3903 estld.
393 3842 421 3904 V,
435 3858 473 3906 pr.
487 3844 520 3904 6).

238 3922 250 3955 ⁸
270 3921 436 3971 Providentia
456 3928 496 3971 est
514 3923 570 3986 ipsa
585 3922 629 3972 iila
641 3924 727 3971 divina
745 3922 820 3983 ratio,
836 3921 861 3970 in
888 3935 993 3970 summo
1011 3921 1129 3971 omnium
1147 3920 1263 3984 principe
1278 3921 1375 3970 consti-

204 4004 268 4063 tuta,
292 4014 349 4064 quae
371 4006 464 4049 currcta
484 4001 598 4064 disponit
615 4002 654 4064 (C.
679 4001 721 4062 lV,
744 4015 779 4062 pr.
804 4000 836 4061 ti).
859 4000 958 4047 -Non
979 3999 1148 4063 praevidentia
1158 4002 1201 4048 sei
1216 3998 1376 4062 providentia

204 4081 289 4143 potius
310 4079 415 4142 dicitur,
439 4081 507 4143 quod
529 4095 605 4143 porro
628 4094 643 4127 a
662 4080 740 4129 rebus
751 4079 863 4129 infirmis
881 4079 1021 4147 constituta
1036 4078 1111 4141 quasi
1124 4079 1156 4127 ab
1169 4078 1271 4127 excelso
1287 4091 1376 4125 rerum

204 4158 340 4208 cacumine
353 4163 447 4207 cuncta
458 4159 597 4222 prospiciat
611 4159 651 4221 (C.
664 4160 693 4219 V,
707 4173 745 4221 pr.
760 4158 792 4219 6).
806 4185 836 4193 -
849 4158 991 4219 llunccine,
1004 4157 1097 4220 inquit,
1114 4157 1242 4206 mundum
1258 4162 1376 4205 temera-

204 4236 250 4287 riis
268 4236 311 4300 api
329 4235 492 4299 fortuitisque
512 4237 614 4286 casibus
633 4242 716 4300 putas,
734 4252 768 4287 an
787 4236 870 4286 ulium
882 4235 967 4286 credis
981 4235 1005 4284 ei
1017 4235 1136 4298 regimen
1148 4233 1234 4282 inesse
1246 4231 1375 4281 rationis?

204 4314 292 4378 Atqui,
315 4314 433 4377 inquam,
456 4316 528 4364 nullo
552 4314 754 4364 existimaverim
777 4315 865 4375 modo,
886 4319 914 4362 ut
936 4313 1039 4363 fortuita
1059 4312 1206 4362 temeritate
1228 4316 1282 4360 tarn
1303 4316 1374 4360 certa

204 4399 366 4456 moveantur,
386 4409 477 4446 verum
500 4397 572 4460 operi
593 4409 639 4444 suo
659 4394 820 4444 conditorem
843 4393 982 4457 praesidere
1004 4393 1086 4441 Deum
1106 4391 1168 4451 scio,
1192 4403 1373 4454 necunquam

203 4474 280 4525 tuerit
292 4475 349 4525 dies
361 4476 406 4539 qui
416 4491 460 4526 me
473 4477 505 4526 ab
518 4476 567 4525 hac
579 4473 717 4526 sententiae
734 4474 842 4523 veritate
860 4472 975 4536 depellat
987 4471 1024 4535 (C.
1036 4471 1055 4530 l,
1068 4484 1109 4533 pr.
1122 4470 1154 4528 6).
1171 4494 1196 4507 -
1211 4468 1242 4530 0,
1253 4469 1298 4532 'qui
1310 4483 1371 4532 per-

203 4558 281 4619 petua
292 4555 419 4605 mundum
430 4555 531 4605 ratione
544 4555 703 4619 gubernas...
719 4556 767 4601 etc.
783 4552 819 4611 (C.
834 4553 879 4611 til,
892 4557 956 4602 met.
968 4551 1002 4613 9).
