3240 5468
687 415 863 488 ..77-

195 634 214 686 n
227 636 230 641 ·
244 606 483 690 nesciebam.
509 609 579 688 Sed
603 617 641 687 tu
664 633 774 710 quam
794 607 916 712 procul
936 630 957 683 a
977 608 1103 710 patria,
1123 632 1195 686 non
1216 607 1360 710 quidem

195 745 373 847 ‚pulsus
407 769 456 842 es,
493 743 555 820 sed
582 741 768 840 aberrasti,
799 766 839 820 ac
869 743 899 819 si
932 750 965 819 te
993 741 1137 842 pulsum
1166 741 1361 818 existimari

194 917 210 951 a
244 879 376 976 mavis,
403 887 437 956 te
466 878 586 979 potius
616 877 693 978 ipse
718 876 900 980 pepulisti.
924 879 1013 954 Nam
1038 876 1072 952 id
1098 875 1245 977 quidem
1266 877 1311 953 de
1328 885 1362 952 te

194 1049 213 1085 ι
246 1036 449 1114 numquam
474 1011 642 1112 cuiquam
665 1011 719 1088 ias
741 1009 877 1088 luisset.
906 1009 943 1087 Si
966 1010 1061 1087 enim
1084 1012 1190 1110 cujus
1209 1009 1362 1088 oriundo

191 1184 210 1223 a
243 1148 292 1225 sis
309 1146 440 1248 ⁴patria
452 1143 707 1243 reminiscare,
725 1168 797 1221 non
816 1144 869 1219 uti
890 1143 1158 1222 Atheniensium
1177 1121 1361 1243 quondam

195 1280 484 1366 »multitudinis
503 1280 655 1380 imperio
676 1279 821 1379 regitur,
845 1279 907 1356 sed
922 1286 957 1354 εἷς
969 1291 1084 1367 κοίρανος
1097 1286 1166 1346 ἵστω
1179 1285 1215 1355 εἷς
1228 1289 1358 1359 Βασιλεὺς,

193 1452 209 1487 s
240 1413 303 1514 qui
315 1413 518 1514 frequentia
537 1412 668 1492 civium
683 1436 757 1489 non
779 1412 988 1513 depulsione
1002 1414 1138 1492 laetetur
1154 1442 1162 1490 ε
1179 1416 1285 1514 cujus
1305 1413 1362 1516 agi

191 1581 208 1616 a
240 1546 372 1647 lraenis,
403 1554 509 1646 atque
533 1546 779 1647 obtemperare
797 1547 944 1647 justitiae
963 1573 1106 1625 summa
1129 1548 1275 1625 libertas
1294 1560 1359 1628 est.

192 1719 208 1752 »
241 1681 294 1758 In
309 1680 455 1784 ignoras
470 1679 568 1757 illam
584 1688 654 1756 tuae
668 1681 823 1758 civitatis
839 1682 1125 1782 antiquissimam
1139 1682 1267 1783 legem,
1289 1705 1360 1782 qua

193 1839 220 1886 a·
245 1815 486 1893 sancitumest
497 1815 528 1893 ei
536 1815 768 1915 jusexsulare
778 1838 852 1891 non
863 1840 953 1913 csse,
966 1815 1128 1916 quisquis
1138 1816 1174 1891 in
1186 1838 1226 1894 ea
1238 1815 1360 1893 sedem

193 1949 394 2027 »laudare
423 1949 618 2026 maluerit?
649 1950 739 2026 Nam
767 1949 828 2048 qui
862 1948 953 2026 vallo
981 1951 1059 2049 ejus
1092 1973 1134 2025 ac
1163 1948 1360 2027 munimine

193 2081 454 2182 »continetuq
480 2081 598 2158 nullus
624 2088 741 2158 metus
769 2088 834 2179 est,
862 2103 916 2158 ne·
932 2082 1032 2159 exsul
1060 2105 1138 2160 csse
1167 2090 1357 2159 mereatur.

193 2255 209 2290 „
240 2219 284 2292 n
299 2195 461 2318 quisquis
476 2239 557 2292 eam
570 2215 770 2294 inhabitare
789 2215 879 2294 vene
898 2216 1053 2318 restent,
1078 2216 1211 2316 pariter
1230 2215 1361 2294 desinit

192 2389 208 2423 a
240 2345 529 2428 essemererii»
1212 2366 1214 2371 ·

221 2514 223 2521 ⁸
243 2485 411 2587 Quisquis
431 2487 565 2586 absque
580 2485 811 2588 praejudicata
829 2485 996 2588 opinione
1017 2486 1114 2564 hunc
1135 2485 1253 2564 locum
1272 2509 1359 2588 per-

187 2618 327 2720 legerit,
356 2643 429 2695 non
456 2618 632 2695 dubitabit
659 2619 820 2721 accipere
847 2619 1010 2696 Boetinm
1040 2619 1096 2695 hic
1123 2619 1169 2695 ad
1203 2617 1357 2721 primam

187 2752 345 2830 hominis
374 2752 618 2830 conditionem
646 2752 817 2851 alludere,
850 2752 984 2830 scilicet
1018 2751 1064 2828 ad
1090 2760 1222 2829 statum
1251 2753 1358 2855 primi

186 2885 344 2964 hominis
355 2894 437 2964 ante
447 2895 650 2987 peccatum,
665 2887 708 2963 de
724 2899 796 2987 quo
812 2886 966 2982 disserit,
979 2886 1017 2962 in
1031 2887 1137 2962 Lc'tro
1153 2902 1272 2963 contro
1283 2888 1359 2962 Ec·

188 3021 305 3120 apaten
316 3033 354 3096 ‘et
369 3021 584 3119 Nestorium,
606 3042 683 3120 cap.
707 3019 799 3096 VIII.
818 3018 937 3095 Prima
953 3018 1099 3120 quidem
1114 3020 1358 3122 pravaricatio

186 3152 298 3231 libere
321 3152 480 3231 admissa
500 3161 575 3247 est,
605 3153 742 3255 primus
761 3152 871 3232 homo
890 3175 910 3228 a
929 3153 1102 3232 Paradiso
1122 3155 1297 3234 aberravit
1316 3178 1357 3232 ao

187 3287 345 3388 seipsum
361 3286 510 3389 pepulit.
525 3287 644 3387 Hujus
660 3287 783 3389 patriae
802 3287 960 3388 regimen
986 3310 1059 3365 non
1082 3288 1150 3365 luit
1166 3289 1358 3368 Athenien-

187 3420 281 3498 sium
296 3420 525 3517 democratia,
542 3420 605 3498 sed
624 3421 843 3498 monarchia.
865 3422 939 3498 Rex
958 3420 1017 3498 ille
1037 3421 1081 3498 de
1105 3445 1176 3523 quo
1200 3422 1358 3523 loquitur

186 3553 332 3630 Boetius
358 3553 561 3654 frequentia
599 3553 729 3630 civium
759 3577 832 3629 non
859 3553 1068 3654 depulsione
1092 3554 1251 3652 loetatur3
1281 3555 1356 3633 vult

76 3669 78 3673 ’
187 3687 283 3764 enim
297 3688 391 3764 Deus
409 3716 423 3750 u
443 3687 575 3764 Omnes
590 3686 753 3764 homines
769 3686 885 3765 salvos
902 3686 993 3785 fieri,
1015 3695 1050 3765 et
1071 3686 1116 3764 ad
1138 3687 1355 3788 agnitionem

220 4063 229 4096 ¹
252 4060 289 4109 De
303 4059 353 4109 hoc
365 4059 461 4109 exsilic
475 4059 530 4122 ipse
554 4059 657 4108 dIsserit
677 4058 797 4121 Boetius,
820 4059 853 4108 de
874 4059 928 4122 stole
941 4060 1099 4110 catholica:
1123 4075 1136 4108 c
1151 4060 1255 4110 PrImus
1268 4061 1355 4124 itaque

186 4139 281 4200 horno,
303 4146 363 4191 ante
385 4144 537 4204 peccatum,
559 4153 619 4189 cum
640 4154 686 4189 sua
709 4140 821 4204 conjuge
843 4140 928 4189 incola
942 4140 1055 4203 paradisi
1075 4141 1131 4190 suit.
1153 4141 1187 4190 At
1204 4140 1248 4189 ubi
1264 4154 1354 4189 aurem

185 4217 297 4281 praebuit
310 4217 449 4281 tentatori,
463 4222 490 4267 et
510 4218 651 4268 condiloris
670 4224 829 4282 praeceptum
850 4220 965 4284 neglexit
983 4221 1127 4282 attendere,
1140 4220 1218 4269 exsul
1233 4219 1353 4282 effectus,

185 4301 282 4346 terram
294 4297 383 4361 jussus
395 4302 435 4346 est
448 4297 582 4360 excolere,
604 4303 682 4361 atque
697 4313 712 4349 a
726 4299 838 4361 paradisi
850 4298 902 4348 fine
916 4299 1048 4361 seclusus,
1071 4300 1099 4348 in
1112 4298 1206 4364 ignotis
1222 4298 1352 4363 partibus,

185 4373 224 4422 sui
236 4377 341 4438 generis
352 4377 532 4440 posteritatem
544 4379 711 4442 transposuit,
724 4383 801 4442 atque
813 4393 917 4444 poenam
929 4394 1008 4444 quam
1020 4380 1075 4442 ipse
1089 4378 1189 4443 primus
1200 4378 1353 4442 homoprae-

185 4453 349 4506 varicationIs
360 4472 421 4508 reus
432 4464 579 4522 exceperat,
592 4459 741 4524 generando
754 4459 897 4511 transm1sit
911 4459 939 4510 in
950 4463 1075 4523 posteros.
1092 4476 1102 4505 ι

218 4533 230 4566 '
252 4531 368 4598 dannot,
379 4535 425 4586 lib.
439 4536 459 4600 1,
473 4551 512 4601 pr.
528 4538 551 4587 5.
