3240 5468
703 461 901 536 -178-

218 652 358 730 sceodae
375 678 552 729 summam
569 652 700 753 ingenii
717 652 772 729 sui
788 652 1081 732 rimadmorisse.
1095 653 1257 731 Haeoduo
1268 662 1388 730 autem

218 786 286 862 sibi
305 787 541 883 adversantia,
564 786 727 862 Boetium
747 785 882 863 seilicet
900 784 1132 863 christianum
1153 785 1391 888 professione,

136 951 139 959 ·
217 920 482 1021 philosophiam
502 920 656 997 edidisse
673 919 1006 1017 anti-christianam,
1027 944 1070 996 ne
1091 919 1144 996 vel
1161 920 1265 997 unico
1282 922 1392 998 verbo

217 1054 379 1154 quidem,
417 1053 608 1155 explanare
645 1059 757 1130 tentat
792 1048 1002 1127 llitzsohius.
1041 1050 1111 1126 lles
1145 1059 1267 1128 tamen
1302 1053 1395 1130 foret

218 1187 338 1287 magni
361 1187 544 1264 momenti.
568 1189 698 1263 Contra
717 1183 942 1284 singulorum
960 1182 1217 1284 opusculorum
1237 1185 1394 1260 cuthea-

218 1318 302 1394 tiom
326 1318 421 1396 varia
447 1317 596 1418 opponit
619 1341 699 1417 quae
722 1341 820 1392 nunc
835 1315 882 1392 ad
903 1315 1215 1417 diligentissimum
1237 1341 1394 1394 oramen

217 1473 383 1551 revocare
398 1450 500 1528 nobis
516 1451 554 1527 in
570 1450 692 1527 animo
708 1457 762 1528 est
778 1479 786 1523 :

271 1584 470 1685 Theologus
486 1583 637 1660 habetur
651 1583 807 1680 Boetius,
830 1581 957 1683 inquit,
975 1607 1018 1659 ea
1036 1581 1124 1658 falsa
1144 1582 1395 1683 suppositione

217 1716 314 1817 quod
330 1726 467 1818 martyr
484 1716 612 1814 fuerit,
630 1719 707 1817 jam
727 1740 811 1794 vero
832 1716 943 1792 Boetii
965 1715 1176 1815 martyrium
1192 1716 1237 1791 ad
1253 1719 1394 1816 Lepon-

217 1852 297 1926 dom
327 1858 362 1927 et
389 1850 528 1927 fabulas
555 1850 707 1950 pertinet
738 1853 786 1952 (p.
817 1845 920 1945 lta).
952 1849 1142 1926 Maximam
1174 1849 1396 1951 imperitiam

219 1984 360 2062 exhibet
384 1984 421 2060 iu
446 1984 638 2061 tractandis
662 1984 856 2084 categoriis
887 1989 935 2084 (p.
970 1977 1060 2079 121)
1089 1992 1214 2059 auctor
1242 1983 1327 2061 libri
1354 1986 1398 2076 dc

222 2120 411 2207 Trinitate,
453 2119 586 2197 seilicet
623 2118 941 2194 Pseudo—Boetius.
980 2116 1180 2194 Permultas
1217 2117 1397 2197 barbaras

221 2276 324 2331 rores
354 2252 474 2348 refert,
499 2253 732 2330 ciceroniana
759 2242 944 2328 latinitatis
977 2251 1166 2328 immemor
1199 2256 1249 2352 (p.
1285 2249 1397 2353 118).

221 2386 316 2461 llum
345 2410 449 2463 verus
482 2386 626 2462 Boetius
660 2384 878 2485 Cetegoriam
912 2385 1091 2460 relationis
1124 2384 1312 2485 explical¹,
1349 2411 1398 2465 ne

92 2539 96 2545 ’
224 2520 372 2598 verbum
383 2520 527 2618 quidem
539 2519 675 2620 profert
689 2519 733 2594 de
747 2521 782 2594 S.
800 2517 979 2616 Trinitate,
990 2518 1071 2594 licet
1086 2517 1211 2595 eadem
1227 2521 1399 2621 exempla

224 2652 349 2728 afferat
372 2673 413 2727 ao
432 2651 469 2726 in
491 2652 582 2728 libro
608 2650 874 2730 Pseudo-Boelii
899 2655 947 2749 (p.
975 2645 1077 2745 116).
1099 2652 1175 2725 Non
1199 2652 1399 2731 concordat

224 2784 384 2862 doolrinu
401 2786 513 2862 Boetii
534 2786 578 2862 do
597 2785 723 2863 Deoia
740 2784 802 2860 lib.
821 2785 861 2858 de
875 2784 1188 2882 Interpretotrone⁹
1202 2807 1283 2860 oum
1306 2784 1401 2862 doc-

225 2918 317 2995 trina
347 2919 426 2994 libri
455 2921 496 2994 do
527 2920 709 2994 Trinitate.
745 2915 1041 2994 Pseudo-Boetius
1070 2917 1108 2991 in
1137 2916 1238 2995 titulo
1271 2919 1400 3020 operis

226 3053 430 3152 Symmachi
460 3076 594 3129 nomen
628 3050 829 3152 inscripsit,
857 3058 895 3126 ut
923 3074 1000 3126 sose
1027 3050 1147 3128 Boetio
1177 3051 1400 3154 philosopho

224 3185 468 3282 substitueret,
492 3210 533 3261 ao
560 3186 759 3285 legentibus
782 3185 903 3261 lucum
927 3183 1059 3261 luceret
1083 3187 1134 3284 (p.
1161 3180 1268 3287 119).
1296 3187 1399 3265 Dum

222 3317 373 3397 obsuras
400 3327 508 3418 atque
531 3318 831 3417 inconsequentes
857 3317 1022 3419 periodos
1043 3318 1239 3417 continual,
1264 3343 1346 3398 sese
1373 3347 1399 3402 a

222 3448 424 3550 philosophi
444 3449 585 3525 dicendi
605 3473 732 3549 genere
749 3450 907 3527 alienum
923 3451 1064 3529 exhibet
1084 3456 1133 3552 (p.
1153 3447 1398 3550 191180110-

222 3581 346 3659 lastieo
374 3584 491 3661 coloro
519 3581 748 3681 distinguitur
773 3586 822 3681 (p.
849 3577 952 3679 123).
981 3582 1081 3659 Nulla
1110 3596 1193 3660 sunt
1219 3608 1299 3684 qum
1327 3612 1398 3689 pro

221 3720 406 3794 authentia
427 3719 531 3820 hujus
549 3718 847 3795 librialieruntur
867 3716 999 3815 (lbid.).
1022 3717 1132 3797 Silent
1159 3719 1395 3799 Cassiodorus

220 3859 255 3927 et
273 3851 433 3928 Isidorus
453 3851 679 3954 hispalensis,
700 3854 873 3933 Alouinus
893 3855 991 3934 solus
1010 3855 1140 3932 librum
1159 3858 1200 3932 de
1218 3857 1397 3935 Trloltote

220 3993 406 4086 memorat,
432 4011 503 4064 non
525 3990 692 4089 praevalet
716 3999 836 4071 aulem
855 3990 950 4069 istud
978 3990 1219 4069 testimonium
1244 4016 1285 4069 eo
1312 3993 1397 4094 ipso

220 4129 380 4221 tempore
394 4121 531 4199 editum
547 4146 619 4221 quo
635 4125 1003 4227 Pseudodreopagita
1017 4131 1056 4201 ut
1072 4124 1248 4224 genuinus
1265 4135 1395 4209 auctor

250 4474 261 4510 ι
283 4473 379 4540 magne,
393 4481 457 4530 rom.
472 4459 557 4540 extu,
571 4480 620 4530 001.
632 4481 679 4531 esa
690 4486 717 4533 et
725 4481 780 4534 ses.
799 4477 802 4483 ’

256 4556 269 4588 ⁹
288 4554 328 4605 De
340 4555 444 4621 Interp.
456 4556 524 4609 Edit.
536 4559 573 4623 2¹,
586 4562 680 4626 bligne,
693 4564 778 4631 cxlv,
790 4567 839 4619 col.
853 4565 908 4620 ald.
