3278 5474
719 472 919 548 -t'ta-

236 669 313 746 liter
327 669 555 746 existentibus
571 670 688 746 adens
704 670 900 769 perlectum
920 669 1084 768 assurgit.
1096 669 1196 745 Idem
1211 668 1409 747 dicendum

235 800 279 875 de
301 811 509 898 argumento
534 801 630 900 quod
650 824 713 899 per
733 799 911 900 integrum
935 798 1069 875 librum
1091 799 1137 876 de
1161 800 1412 878 Consolatione

236 931 458 1029 persequitur
473 932 614 1008 Anicius
629 921 748 1008 noster
762 932 929 1031 quodque
944 957 985 1008 ex
1004 931 1188 1009 Aristotele
1203 942 1409 1010 mutuatur.

235 1062 372 1137 Bonum
392 1064 557 1162 estquod
577 1064 696 1139 omnia
721 1072 906 1163 appetunt.
927 1065 1024 1139 Bona
1048 1070 1170 1139 autem
1190 1087 1409 1164 qua-appe·

236 1203 315 1268 tunt
334 1193 508 1290 homines,
525 1196 658 1272 scilicet
678 1196 819 1294 divitiae,
840 1220 1064 1295 gemmarum
1084 1195 1213 1294 fulgor,
1233 1218 1407 1295 agrorum

235 1325 473 1422 pulchritudo,
503 1326 641 1403 lruotus
669 1327 911 1425 animantum,
935 1337 1049 1404 vestes
1070 1327 1257 1426 preciosae,
1273 1325 1408 1426 longus

233 1455 321 1531 ordo
339 1456 567 1554 famulorum,
594 1459 791 1557 dignitates,
814 1459 982 1558 potentia,
1005 1458 1116 1555 lama,
1136 1481 1306 1558 prospera
1326 1457 1408 1534 lor-

235 1596 369 1684 tuna...,
392 1600 540 1688 possunt
565 1592 694 1667 aulerci
715 1603 750 1667 et
769 1591 895 1689 amitti,
917 1616 1002 1689 ergo
1023 1615 1096 1666 nou
1115 1601 1200 1666 suut
1218 1614 1407 1665 summum

233 1721 377 1815 bonu‘m,
389 1747 453 1799 nec
469 1735 618 1822 possunt
633 1732 801 1824 praestare
818 1722 1000 1798 bominem
1011 1724 1165 1800 beatum.
1180 1720 1268 1808 Ouia
1280 1734 1405 1798 autem

231 1850 388 1928 existunt
412 1855 505 1930 bona
531 1854 735 1953 imperfecta
760 1854 878 1930 existit
904 1878 1088 1928 summum
1111 1855 1259 1946 bonum,
1287 1878 1406 1928 uom-

233 1981 332 2058 nium
350 1986 537 2061 bonorum
567 1987 838 2086 congregatione
873 1985 1082 2085 perlectum,
1121 2023 1136 2053 o
1176 2013 1192 2045 α
1223 1987 1318 2085 quod
1347 1997 1406 2062 est

115 2112 118 2116 ⁴
231 2112 361 2212 aliquid
379 2116 528 2217 simplex
543 2126 577 2192 et
592 2127 718 2192 natura
734 2117 936 2213 indivisum,
954 2154 971 2184 a
994 2118 1063 2216 «nin
1079 2143 1152 2217 quo
1165 2117 1405 2194 sitaestuera

231 2248 422 2342 beatitudo,
442 2279 457 2312 o
480 2289 494 2322 a
514 2254 678 2349 quodque
694 2263 748 2325 est
765 2251 845 2350 ipsa
860 2251 1058 2328 substantia
1074 2251 1175 2329 uait
1197 2286 1212 2318 a

284 2381 455 2465 Quaenam
473 2394 593 2457 autern
611 2383 657 2458 sit
679 2391 803 2458 natura
822 2382 925 2458 istius
946 2383 1219 2460 summirerum
1238 2385 1404 2460 omniurn

232 2514 472 2616 principiano
491 2518 649 2613 supremi
668 2515 765 2606 linis,
782 2539 845 2590 seu
866 2540 1031 2614 quaenam
1055 2504 1128 2591 sint
1141 2517 1316 2591 attributa
1328 2517 1403 2592 bei

231 2669 271 2721 ex
287 2646 486 2721 innumeris
506 2646 591 2721 locis
610 2645 700 2722 Libri
718 2642 972 2733 Consolationis
987 2672 1113 2724 eruere
1129 2648 1220 2725 licet.
1239 2650 1403 2724 Deusesl

230 2776 324 2854 enim
347 2787 474 2852 natura
490 2777 639 2876 simplex
657 2775 682 2872 Ι,
701 2762 758 2853 ¹est
779 2804 871 2854 unus
887 2777 910 2873 ³,
935 2790 988 2855 est
1007 2782 1124 2857 bonus
1139 2779 1163 2872 ⁴,
1185 2791 1237 2858 est
1258 2806 1404 2857 summe

231 2909 394 3008 pareest,
436 2918 489 2984 est
524 2908 824 3008 pulcherrimast,
854 2918 907 2986 est
934 2908 1158 2987 omuisoius⁷
1194 2937 1336 2988 summe
1359 2911 1405 2986 li-

266 3200 275 3233 ¹
298 3197 401 3250 consol.
415 3199 460 3260 lll,
473 3211 512 3260 pr.
527 3196 566 3245 10.

263 3280 275 3312 ¹
296 3278 387 3341 Neque
401 3279 469 3326 Deus
482 3275 593 3325 conditis
612 3275 689 3324 rebus
709 3277 838 3339 antiquior
858 3280 941 3328 videri
960 3280 1038 3340 debet
1056 3279 1181 3342 temporis
1198 3278 1342 3341 quantitate
1355 3281 1403 3329 sed

230 3355 355 3418 simplicis
366 3353 452 3418 potius
465 3353 621 3416 proprietate
632 3357 733 3404 naturae
746 3353 837 3418 (Coos.
852 3355 883 3418 V,
896 3372 935 3420 pr.
951 3359 995 3423 a).

265 3439 276 3470 ³
295 3437 368 3486 Unus
388 3428 460 3483 enini
481 3447 570 3501 rerum
589 3433 667 3482 Pater
688 3439 736 3496 est,
759 3450 826 3485 unus
847 3442 940 3487 cuncta
962 3438 1093 3487 ministrat
1110 3436 1149 3500 (t'.
1170 3436 1214 3496 lll,
1228 3440 1292 3485 met.
1308 3436 1353 3496 a).
1370 3464 1404 3474 —

230 3520 336 3579 Oportet
360 3515 438 3580 igitur
458 3512 529 3562 idem
550 3526 608 3564 esse
627 3527 711 3564 unum
731 3519 808 3578 atque
830 3517 927 3566 bonum
948 3517 1028 3567 simili
1048 3517 1148 3567 ratione
1162 3516 1291 3565 concedas
1303 3515 1343 3580 (C.
1355 3517 1403 3580 ΙΠ,

229 3611 267 3658 pr.
284 3596 331 3658 ll).

262 3676 275 3708 ⁴
295 3675 334 3724 lta
353 3688 414 3725 vero
435 3675 531 3724 bonum
557 3686 613 3723 esse
634 3675 719 3727 Deum
735 3677 800 3727 ratio
816 3678 987 3739 demonstrat,
1007 3683 1037 3727 ut
1053 3678 1199 3741 perlectum
1213 3691 1315 3740 quoque
1328 3678 1357 3728 in
1369 3693 1403 3728 eo

230 3753 327 3802 bonum
343 3769 401 3804 esse
418 3755 556 3805 convincat
574 3754 611 3819 (C.
624 3755 669 3817 ΙΠ,
684 3771 723 3819 pr.
737 3756 784 3822 tu).
799 3785 830 3794 -
840 3757 881 3807 No
894 3758 963 3806 huno
974 3771 1064 3806 rerum
1075 3755 1193 3804 omnium
1206 3754 1323 3815 Patrem,
1336 3755 1403 3805 iliud

230 3846 362 3883 summum
384 3835 482 3884 bonurn
501 3849 552 3899 quo
573 3835 665 3898 plenus
682 3851 738 3886 esse
750 3837 911 3900 prohibetur.
926 3837 968 3885 vel
983 3835 1145 3884 extrinsecus
1157 3834 1298 3897 accepisse,
1311 3835 1353 3884 vel
1364 3833 1403 3883 ita

230 3911 382 3960 naturaliter
393 3911 490 3961 habere
503 3926 654 3975 praesumas,
669 3914 743 3977 quasi
762 3915 883 3964 habentis
900 3913 948 3964 Dei
960 3914 1108 3976 habitasque
1122 3913 1289 3963 beatitudiuis
1301 3912 1402 3976 cogites

230 3988 357 4038 diversam
372 4006 429 4040 esse
443 3992 644 4041 substantiam...
659 3993 744 4052 Quare
762 3995 831 4058 quod
849 3994 968 4043 omnium
988 3992 1146 4056 principium
1164 3993 1206 4048 sit,
1219 3991 1244 4040 id
1257 3992 1337 4041 etiam
1358 3992 1400 4040 sui

230 4068 372 4119 substantia
383 4084 515 4121 summum
529 4071 695 4120 essebonum
708 4073 844 4124 verissima
858 4073 958 4124 ratione
969 4072 1143 4122 concluserim
1157 4071 1193 4134 (C.
1207 4070 1251 4131 lll,
1264 4085 1289 4134 p.
1301 4069 1350 4131 tu).

266 4151 276 4181 ⁸
296 4150 379 4198 Deum
393 4165 450 4200 esse
463 4152 580 4201 omnium
592 4159 726 4215 potentem
740 4171 818 4205 nemo
828 4156 984 4206 dubitaverit
996 4154 1033 4219 (o.
1044 4154 1089 4215 Ill,
1102 4167 1140 4218 pr.
1155 4154 1206 4216 12).

263 4232 275 4264 ⁶
298 4229 372 4282 Coos.
388 4231 431 4291 111,
445 4237 506 4283 met.
522 4234 545 4283 9.

522 4371 546 4384 ...
555 4343 661 4384 l‘ulrlrrurn
674 4344 816 4395 qtutoherrtuos
825 4344 870 4397 lpse

453 4411 547 4454 blondum
559 4417 623 4455 mente
633 4424 711 4466 gerens.
723 4413 822 4466 similique
831 4413 852 4456 in
862 4415 949 4469 imagine
962 4415 1057 4457 lormans.

265 4528 275 4558 ⁷
295 4525 407 4577 Scientia
419 4539 522 4589 quoque
535 4525 591 4587 ejus
603 4539 709 4574 omnem
721 4526 846 4590 temporis
859 4541 1028 4596 supergressa
1040 4527 1230 4580 motionemiu
1236 4541 1295 4580 suae
1307 4533 1400 4582 maaet
