3278 5474
710 449 908 529 -136,

228 642 377 743 ligentiae
410 645 592 721 cacumine
626 655 720 721 certa
754 668 795 722 ac
830 646 977 721 definita
1005 646 1178 745 prenotio
1206 658 1261 724 est
1289 651 1403 727 etiam

228 796 351 848 eorum
367 799 447 874 quae
461 781 575 852 certos
590 776 704 852 exitus
720 803 791 854 non
806 780 939 874 habent
949 778 971 854 ¹.

281 899 322 980 3⁰
351 907 387 982 Si
407 907 530 983 dicas:
551 910 621 984 lste
640 918 740 986 actus
759 935 778 986 a
799 913 871 986 Deo
888 912 1083 1012 praescitur,
1106 937 1190 1014 ergo
1208 921 1404 994 necessaria

230 1038 378 1134 eveniet,
398 1039 435 1115 in
455 1040 523 1117 alio
542 1066 648 1118 sensu
666 1068 801 1142 verum,
817 1043 853 1118 in
874 1044 943 1120 alio
960 1045 1087 1120 falsum
1105 1045 1401 1147 deprehenditur.

232 1170 332 1257 Quod
349 1172 443 1248 enim
462 1195 482 1248 a
505 1175 577 1250 Deo
597 1177 781 1276 praescitur
800 1191 887 1252 crrta
903 1177 1052 1271 eveniet,
1075 1177 1148 1253 siae
1165 1179 1211 1252 sit
1231 1180 1401 1280 liberum,

233 1303 307 1378 sive
335 1305 381 1379 sit
408 1307 660 1403 necessarium,
690 1331 774 1384 nam
800 1308 944 1384 scientia
973 1309 1034 1384 Dei
1064 1309 1138 1384 lalli
1168 1335 1242 1388 non
1270 1324 1402 1414 potest.

235 1436 336 1530 Qarod
368 1445 487 1514 autem
512 1463 530 1516 a
555 1442 629 1518 Deo
657 1440 844 1541 prescitur
872 1466 945 1517 non
969 1441 1050 1518 ideo
1079 1446 1311 1521 necessarium
1340 1449 1405 1525 fiet

235 1572 446 1648 necessitate
459 1574 642 1651 existendi.
658 1608 675 1640 a
690 1576 774 1650 ltuae
785 1574 881 1651 enim
894 1583 978 1650 sunt
993 1577 1235 1674 necessitates,
1247 1581 1404 1681 simplex

237 1724 318 1802 una,
334 1703 444 1781 altera
460 1707 686 1805 conditionis,
707 1732 767 1784 seu
789 1710 1009 1808 hypothetico,
1033 1718 1071 1785 ut
1102 1711 1130 1785 si
1151 1712 1306 1811 aliquem
1323 1739 1407 1790 am-

236 1833 359 1914 bulare
374 1836 476 1937 scias,
492 1863 572 1916 eum
583 1838 772 1916 ambulare
788 1863 932 1917 necesse
947 1849 1042 1916 est.»
1062 1843 1152 1942 Ergo
1167 1851 1268 1919 actus
1285 1846 1408 1921 honri-

237 1992 325 2045 num
349 1996 390 2048 ac
411 1972 555 2049 consilia
578 1973 771 2050 voluntatis
793 1974 960 2049 humanae
985 2007 1000 2040 α
1025 1973 1136 2050 relata
1162 1975 1208 2049 ad
1232 1975 1407 2054 intuitum

236 2101 412 2199 divinum,
427 2105 625 2182 necessaria
641 2106 733 2181 fiunt
747 2130 811 2206 per
825 2104 1063 2182 conditionem
1079 2105 1208 2183 divinae
1222 2109 1405 2202 notionis;

235 2260 359 2340 perse
382 2262 465 2315 vero
485 2239 718 2336 considerata,
739 2242 784 2340 ab
803 2239 965 2316 absolata
984 2246 1121 2317 naturae
1144 2264 1219 2317 sure
1242 2242 1408 2321 libertate

236 2394 309 2450 non
334 2372 508 2448 desinunt.
542 2407 556 2440 ι
588 2404 603 2439 a
631 2373 732 2448 Fient
755 2373 861 2472 igitur
884 2372 1008 2474 procul
1031 2373 1138 2448 dubio
1168 2383 1295 2450 cuncta
1324 2398 1409 2475 quoe

233 2505 354 2580 futura
373 2504 467 2578 Deus
492 2528 569 2580 esse
592 2502 791 2604 praenoscit,
817 2503 880 2578 sed
900 2526 1024 2579 eorum
1043 2503 1206 2601 quaedam
1227 2504 1271 2579 de
1293 2504 1408 2580 libero

235 2635 509 2738 proficiscuntur
524 2636 680 2712 arbitrio.
704 2671 718 2704 ι
742 2671 757 2702 ι
781 2637 904 2736 ltaque
925 2637 955 2712 si
977 2636 1238 2737 prescientiam
1255 2661 1409 2737 pensare

267 2944 276 2979 ⁴
298 2942 448 2993 Doctrinam
466 2942 548 2992 Boetii
572 2942 709 2994 dilucidius
731 2944 843 3008 explicat
859 2944 883 2995 S.
903 2943 1014 2993 Thomas
1031 2942 1117 3005 (Sum.
1136 2943 1212 2992 Cant.
1227 2942 1314 3004 Garat,
1326 2943 1370 2993 lib.
1386 2944 1408 3004 1,

233 3039 256 3074 c.
277 3023 379 3085 aaran).
401 3020 496 3072 Omnia
517 3022 596 3088 igitur
614 3024 684 3073 Deus
704 3023 846 3088 cognoscit,
864 3037 938 3072 suam
955 3024 1098 3073 essentiam
1110 3024 1292 3087 cognoscendo
1303 3024 1337 3072 ad
1349 3038 1410 3087 quaa

233 3116 280 3154 sua
299 3103 435 3152 causalitas
456 3103 611 3153 extenditur.
627 3103 780 3153 Extenditur
792 3108 879 3153 autem
891 3104 924 3152 ad
937 3103 1099 3166 operationes
1113 3103 1263 3152 intellectus
1277 3107 1303 3152 et
1315 3104 1410 3153 volun-

234 3182 334 3232 tatis...
348 3182 485 3246 Cognoscit
498 3183 576 3247 igitur
589 3184 658 3232 Deus
671 3186 696 3230 et
709 3183 878 3248 cogitationes
892 3188 919 3233 et
939 3183 1090 3234 affectiones
1104 3183 1240 3232 mentis...
1255 3183 1410 3232 Dominium

233 3265 322 3310 autera
334 3262 402 3324 quod
415 3261 494 3311 habet
506 3262 625 3311 voluntas
637 3276 714 3325 supra
725 3276 785 3312 suos
797 3266 879 3326 actus,
892 3277 936 3326 per
950 3264 1018 3326 quod
1035 3263 1063 3312 in
1075 3262 1132 3326 ejus
1143 3266 1270 3325 potestate
1285 3266 1325 3311 est
1340 3262 1409 3312 velle

234 3340 275 3390 ael
296 3354 348 3389 non
370 3339 447 3404 velte,
470 3340 582 3390 excludit
600 3342 845 3393 determinationem
858 3344 960 3393 virtutis
979 3343 1011 3392 ad
1026 3357 1107 3392 unum
1124 3347 1151 3391 et
1164 3341 1310 3390 molestiam
1323 3356 1410 3392 causae

235 3420 348 3473 exterius
361 3422 471 3487 agentis.
484 3422 542 3472 Nan
555 3426 643 3471 autem
656 3423 768 3472 excludit
779 3422 942 3472 influentiam
959 3422 1099 3485 superioris
1116 3435 1209 3478 causae.
1224 3435 1240 3471 a
1258 3435 1309 3484 qua
1325 3426 1366 3470 est
1384 3423 1410 3472 ei

235 3515 292 3552 esse
303 3506 330 3551 et
342 3501 453 3568 operari,
467 3506 493 3551 et
507 3500 545 3552 sic
556 3508 677 3552 remanet
690 3504 825 3553 causalitas
835 3505 862 3552 in
874 3518 951 3553 cansa
965 3503 1058 3568 prima,
1071 3517 1129 3565 quae
1143 3503 1212 3551 Deus
1224 3506 1273 3561 est,
1289 3505 1411 3565 respectu

234 3586 353 3632 motuum
375 3581 524 3643 voluntatis
547 3587 576 3631 ut
600 3582 637 3631 sic
659 3584 727 3632 Deus
748 3585 861 3646 seipsum
886 3585 1066 3646 cognoscendo
1083 3583 1232 3647 hujusmodi
1252 3596 1411 3646 cognoscere

235 3662 323 3727 possit.
338 3691 369 3700 —
382 3662 444 3712 Hoec
457 3663 603 3713 luculenter
616 3662 726 3726 explicat
741 3663 830 3712 Goraet.
847 3681 856 3706 ι
871 3664 940 3711 Deus
954 3663 1085 3725 cognoscit
1099 3663 1125 3710 in
1138 3677 1184 3711 sua
1201 3662 1313 3710 essentia
1329 3661 1411 3710 etiarn

235 3740 331 3791 liberos
350 3742 488 3791 hominurn
509 3746 590 3791 acius.
614 3741 673 3790 Non
695 3744 791 3804 pendet
812 3756 873 3806 ergo
895 3741 943 3791 ista
964 3741 1077 3804 cognitio
1097 3755 1111 3788 a
1134 3740 1272 3790 volontatis
1288 3740 1412 3788 humanae

236 3821 464 3881 determinatione,
486 3826 610 3884 tanquam
631 3821 663 3870 ab
684 3823 769 3884 aliquo
790 3822 876 3870 media
894 3836 909 3868 a
927 3822 1070 3883 posteriori
1079 3837 1089 3882 ;
1103 3835 1152 3868 nec
1164 3821 1316 3882 requiritur
1327 3820 1411 3868 etium

237 3899 304 3963 quod
327 3900 400 3949 illam
415 3900 660 3950 determinationem
678 3902 802 3950 oneribus
820 3901 906 3949 »nadis
923 3906 949 3949 et
968 3901 995 3948 in
1014 3901 1088 3950 ornari
1106 3914 1202 3962 ponera
1221 3912 1312 3948 causae
1335 3904 1412 3947 aare·

236 3977 324 4035 cedor.
344 3980 389 4028 sed
413 3979 508 4029 sntticit
530 3981 597 4043 quod
620 3980 691 4029 illam
713 3979 842 4042 praecedat
864 3979 894 4026 in
916 3980 1008 4040 atiquo
1021 3979 1110 4041 priori
1125 3984 1232 4026 naturae
1249 3981 1275 4024 et
1293 3975 1413 4024 instantis

238 4072 255 4108 o
270 4072 331 4121 quo,
344 4058 371 4109 in
383 4059 468 4123 aliquo
480 4072 576 4124 genere
590 4074 682 4121 cause,
695 4059 813 4122 quamvis
825 4059 855 4106 ira
867 4059 922 4107 atio
934 4072 1030 4121 periere
1039 4065 1175 4120 supponat
1185 4063 1211 4106 et
1221 4055 1411 4116 subsequatur.

238 4137 312 4199 Quod
334 4140 428 4191 dicitur
448 4141 481 4190 de
499 4139 658 4202 praenotione
675 4139 715 4187 uel
737 4137 899 4200 prescientia
916 4137 961 4186 Dei
978 4139 1047 4186 valet
1061 4137 1140 4185 etiam
1153 4137 1185 4184 de
1198 4133 1413 4198 praedetermina-

239 4219 319 4271 tione.
334 4221 406 4271 Licet
418 4219 498 4282 enim,
515 4221 544 4268 in
563 4219 655 4281 otique
673 4231 769 4280 perere
786 4230 883 4277 causae,
907 4231 1048 4265 concursus
1070 4215 1117 4265 Dei
1138 4215 1170 4263 ad
1191 4220 1263 4263 actus
1282 4213 1365 4261 malos
1386 4218 1413 4261 et

240 4301 434 4366 peccaminosos
444 4298 581 4350 hominum
594 4302 620 4348 et
632 4298 784 4362 angelorum
797 4297 831 4346 sit
839 4297 917 4358 prior
929 4294 1146 4344 determinatione
1156 4292 1295 4342 voluntatis
1307 4292 1413 4349 creatae,

240 4384 270 4433 in
282 4384 337 4433 attio
357 4389 448 4431 tomen
460 4385 500 4431 ast
519 4394 552 4431 eo
567 4378 709 4443 posterior,
732 4382 758 4426 et
773 4376 806 4426 ab
829 4375 872 4426 illa
892 4375 989 4439 pendet
1004 4375 1081 4423 modo
1098 4373 1234 4436 explicato,
1250 4370 1413 4432 subindeque

242 4460 416 4527 postdettnitio
438 4465 464 4510 et
483 4457 722 4524 postdeterminatio
736 4454 859 4518 appellari
872 4459 957 4520 potest
968 4453 1092 4518 (clypeus
1104 4452 1283 4511 tharnisticus,
1300 4449 1333 4498 de
1347 4448 1412 4508 Deo,

246 4539 301 4606 Tr„
314 4541 354 4592 lv.
368 4539 445 4605 Diap.
457 4551 514 4604 vna,
526 4547 556 4588 n·
565 4538 630 4602 ast).
646 4554 656 4584 s
