3240 5468
665 443 789 513 -l9l
819 481 861 494 -

178 643 181 649 ’
231 632 439 735 Philosophi
467 633 579 712 Baetii
610 641 830 712 coaetaneum
859 658 936 713 esse
964 641 1147 714 auctorem
1176 639 1350 742 theologi-

178 794 305 851 corum
327 768 580 871 opusculorum
606 764 793 868 permultis
820 768 858 843 in
884 770 972 847 locis
999 772 1129 850 latetur
1151 773 1350 852 Nitzsclrius

177 905 268 1006 ipse.
288 900 384 977 Libri
399 902 441 975 de
457 901 629 977 Trinitate
644 909 826 977 auctorem
840 902 971 980 vixisse
985 884 1112 982 asserit
1128 916 1208 1006 post
1224 909 1263 986 D.
1281 910 1349 984 tu·

179 1037 362 1138 guatinum
394 1041 430 1110 et
457 1033 737 1110 ante‘saeeulum
767 1034 969 1117 octavum¹‚
996 1037 1049 1112 td
1083 1038 1246 1114 eamdem
1275 1038 1351 1117 lere

180 1176 323 1246 aetatem
360 1168 467 1244 refert
504 1201 520 1233 κ
556 1167 762 1264 exercitium
794 1168 881 1243 illud
919 1156 1159 1269 dogmaticum
1200 1206 1216 1238 a
1256 1173 1351 1250 circa

180 1301 328 1379 modum
349 1301 567 1402 praedicandi
585 1299 808 1377 divinitatem
828 1301 873 1377 de
892 1304 1012 1402 Patre,
1038 1302 1082 1380 de
1100 1303 1201 1402 Filio,
1216 1305 1262 1383 de
1277 1307 1353 1408 Spi-

179 1435 251 1512 ritu
270 1411 405 1530 sancto,
422 1434 479 1511 cui
496 1434 620 1510 titulus
640 1468 648 1513 :
676 1435 803 1510 Utrum
820 1437 965 1513 Pater...
982 1445 1048 1513 etc.
1060 1433 1086 1514 '.

78 1656 81 1660 ,
202 1605 204 1608 v
235 1568 441 1645 Tractatum
457 1583 577 1644 contro
592 1569 774 1668 Eutychen
789 1582 820 1644 et
835 1569 1040 1645 Nestorium
1050 1566 1167 1648 aava}
1184 1567 1234 1649 60
1250 1571 1353 1650 annis

181 1699 264 1804 post
284 1701 574 1779 Chalcedonense
598 1702 789 1778 concilium
815 1697 920 1798 (451)
950 1711 1134 1779 exaratum
1163 1728 1241 1780 esse
1267 1730 1354 1783 con-

183 1836 308 1933 tendit,
334 1835 401 1911 hac
426 1834 501 1911 sola
520 1834 662 1910 innixus
686 1835 892 1934 conjectura
912 1837 1008 1934 quod
1028 1836 1170 1913 auditor
1189 1837 1356 1914 Orienta-

180 1952 273 2046 lium
296 1967 465 2070 Epistola
492 1975 703 2068 percussum
724 1966 832 2044 fuerit
855 1968 1005 2044 caetrata
1027 1971 1207 2068 crrjaaaalurn
1231 1971 1355 2047 theotu-

181 2103 262 2200 9r‘rae
277 2096 486 2176 locutiunia³
504 2100 599 2201 quod
624 2107 875 2198 argumentum
900 2099 1085 2176 infirmum
1109 2124 1255 2203 prorsus
1278 2127 1357 2180 esse

184 2235 351 2336 superius
381 2233 618 2312 ostendimus.
650 2233 778 2310 Contra
806 2232 1027 2310 Nitzschium
1055 2244 1174 2312 autem
1209 2244 1358 2313 conten-

184 2371 277 2445 dunt
309 2368 405 2445 Baua
428 2376 464 2445 et
489 2372 635 2444 Suttuer
659 2366 789 2442 librum
814 2373 937 2442 contra
966 2369 1149 2468 Eutychen
1172 2369 1359 2468 aptissime
1481 2436 1486 2445 ,

184 2502 366 2579 cohaerere
389 2524 471 2577 cum
498 2499 730 2577 Orientalium
752 2497 911 2598 Epistola
934 2499 1019 2575 anni
1039 2495 1115 2578 512
1135 2509 1171 2576 et
1193 2501 1242 2578 ita
1264 2501 1359 2578 intra

185 2635 301 2712 Boetii
325 2643 487 2735 tempora
512 2634 679 2710 incidere.
707 2631 805 2708 Circa
832 2632 1046 2733 opusculum
1072 2633 1116 2710 de
1138 2635 1228 2710 Fide
1252 2635 1363 2710 cellro·

186 2766 253 2841 lica
274 2765 402 2843 asserit
427 2764 515 2841 illud
541 2773 681 2842 tantum
705 2765 907 2843 Nitzschius
939 2773 1123 2843 auctorem
1146 2768 1277 2845 vixisse
1304 2768 1361 2844 vel

185 2900 311 3000 quinto
335 2901 391 2977 ael
416 2909 514 2978 sexto
533 2909 615 3002 post
633 2900 811 2977 Christum
835 2899 965 2975 saeculo
979 2897 1003 2974 ⁴.
1026 2902 1118 2999 Erga
1138 2909 1225 2978 teste
1240 2900 1364 2978 adver·

187 3034 284 3112 sario
297 3043 420 3112 nostro
443 3036 481 3111 in
496 3036 607 3112 Boetii
622 3043 763 3111 aetatem
778 3031 941 3110 incidunt
955 3055 1035 3131 quae
1051 3040 1362 3110 controvertuntur

188 3163 386 3266 theologica
405 3165 586 3265 opuscula.

245 3297 281 3375 Si
306 3305 427 3375 autem
450 3284 496 3374 ad
517 3298 695 3375 scribendi
719 3301 906 3396 rationem,
933 3300 979 3377 ad
1001 3299 1259 3376 sententiarum
1283 3324 1364 3377 eon-

189 3428 442 3507 lurmatiunem
457 3429 676 3506 advertimus
690 3430 887 3507 luculenter
904 3432 1089 3534 apparebit
1103 3432 1179 3508 haec
1191 3434 1364 3533 opuscula

191 3561 329 3660 aluiso,
347 3563 410 3639 sed
425 3563 618 3640 christiano
638 3565 725 3662 viro,
742 3566 946 3667 conscripta
967 3591 1057 3661 esse,
1074 3567 1113 3644 in
1134 3567 1364 3666 peripatetica

192 3695 423 3798 philosophia
450 3698 563 3775 multo
596 3699 710 3799 magis
743 3725 855 3800 quam
884 3700 921 3775 in
949 3722 1133 3777 sacrarum
1165 3700 1367 3776 litterarum

193 3829 345 3907 lectione
358 3839 512 3928 versato,
533 3832 650 3931 quiin
674 3833 876 3910 necessaria
897 3832 983 3908 vixit
1002 3831 1262 3910 consuetudine
1283 3857 1368 3910 aum

1223 4065 1367 4078 ..annu-n

229 4205 239 4240 ¹
261 4205 390 4255 Dassnun
402 4221 481 4257 unser
492 4207 625 4258 Verlasser
640 4208 714 4259 nicht
731 4214 843 4272 spaeter‚
865 4210 903 4259 als
924 4209 951 4258 in
969 4206 1065 4258 achten
1086 4204 1261 4257 lahrhundert
1280 4204 1368 4271 gelebt

194 4283 249 4345 hat,
263 4284 297 4334 ist
308 4284 396 4334 sicher
412 4285 446 4351 (p.
460 4284 525 4350 ill).

227 4366 240 4399 ¹
260 4364 342 4428 rara,
355 4380 381 4430 p.
396 4366 453 4418 rar.

229 4447 241 4480 ε
261 4444 344 4507 aare„
356 4461 381 4510 p.
396 4445 451 4498 rar.

228 4527 242 4563 ⁴
262 4525 456 4590 rara.,p.1ro.
