<?xml version="1.0" encoding="UTF-8"?>
<!DOCTYPE html PUBLIC "-//W3C//DTD XHTML 1.0 Transitional//EN"
    "http://www.w3.org/TR/xhtml1/DTD/xhtml1-transitional.dtd">
<html xmlns="http://www.w3.org/1999/xhtml" xml:lang="en" lang="en">
 <head>
  <title>
</title>
<meta http-equiv="Content-Type" content="text/html;charset=utf-8" />
  <meta name='ocr-system' content='tesseract 3.04.00' />
  <meta name='ocr-capabilities' content='ocr_page ocr_carea ocr_par ocr_line ocrx_word'/>
</head>
<body>
  <div class='ocr_page' id='page_1' title='image "./deamseverinoboe00bourgoog_0220.png"; bbox 0 0 3240 5468; ppageno 0'>
   <div class='ocr_carea' id='block_1_1' title="bbox 152 1539 1318 1602">
    <p class='ocr_par' dir='ltr' id='par_1_1' title="bbox 152 1539 1318 1602">
     <span class='ocr_line' id='line_1_1' title="bbox 152 1539 1318 1602; baseline 0.005 -7"><span class='ocrx_word' id='word_1_1' title='bbox 152 1539 319 1596; x_wconf 79' lang='lat' dir='ltr'>Pnomnrcu</span> <span class='ocrx_word' id='word_1_2' title='bbox 332 1579 1226 1602; x_wconf 88' lang='grc'><strong>...................................................</strong></span> <span class='ocrx_word' id='word_1_3' title='bbox 1308 1546 1318 1599; x_wconf 92' lang='lat' dir='ltr'>l</span> 
     </span>
    </p>
   </div>
   <div class='ocr_carea' id='block_1_2' title="bbox 612 1766 857 1821">
    <p class='ocr_par' dir='ltr' id='par_1_2' title="bbox 612 1766 857 1821">
     <span class='ocr_line' id='line_1_2' title="bbox 612 1766 857 1821; baseline 0.004 -1"><span class='ocrx_word' id='word_1_4' title='bbox 612 1766 726 1821; x_wconf 83' lang='lat' dir='ltr'>PRIMA</span> <span class='ocrx_word' id='word_1_5' title='bbox 755 1767 857 1821; x_wconf 84' lang='lat' dir='ltr'><strong>PARS.</strong></span> 
     </span>
    </p>
   </div>
   <div class='ocr_carea' id='block_1_3' title="bbox 515 1925 960 1967">
    <p class='ocr_par' dir='ltr' id='par_1_3' title="bbox 515 1925 960 1967">
     <span class='ocr_line' id='line_1_3' title="bbox 515 1925 960 1967; baseline 0.002 -3"><span class='ocrx_word' id='word_1_6' title='bbox 515 1925 550 1964; x_wconf 77' lang='lat' dir='ltr'>DE</span> <span class='ocrx_word' id='word_1_7' title='bbox 572 1926 673 1965; x_wconf 76' lang='lat' dir='ltr'>notorio</span> <span class='ocrx_word' id='word_1_8' title='bbox 692 1927 864 1967; x_wconf 76' lang='lat' dir='ltr'>cnalsrmuo</span> <span class='ocrx_word' id='word_1_9' title='bbox 882 1927 960 1966; x_wconf 78' lang='lat' dir='ltr'>vino.</span> 
     </span>
    </p>
   </div>
   <div class='ocr_carea' id='block_1_4' title="bbox 38 2079 1322 2735">
    <p class='ocr_par' dir='ltr' id='par_1_4' title="bbox 38 2079 1322 2735">
     <span class='ocr_line' id='line_1_4' title="bbox 152 2079 1322 2152; baseline 0.001 -15"><span class='ocrx_word' id='word_1_10' title='bbox 152 2083 248 2139; x_wconf 72' lang='lat' dir='ltr'>Circr</span> <span class='ocrx_word' id='word_1_11' title='bbox 266 2097 392 2138; x_wconf 64' lang='lat' dir='ltr'>amnon.</span> <span class='ocrx_word' id='word_1_12' title='bbox 411 2110 447 2121; x_wconf 94' lang='lat'>-</span> <span class='ocrx_word' id='word_1_13' title='bbox 465 2079 585 2137; x_wconf 76' lang='lat' dir='ltr'>Boetius</span> <span class='ocrx_word' id='word_1_14' title='bbox 600 2097 616 2136; x_wconf 97' lang='lat' dir='ltr'>e</span> <span class='ocrx_word' id='word_1_15' title='bbox 634 2084 722 2152; x_wconf 82' lang='lat' dir='ltr'>gente</span> <span class='ocrx_word' id='word_1_16' title='bbox 738 2083 838 2138; x_wconf 86' lang='lat' dir='ltr'>Anicia</span> <span class='ocrx_word' id='word_1_17' title='bbox 846 2121 1227 2141; x_wconf 87' lang='grc'><strong>......................</strong></span> <span class='ocrx_word' id='word_1_18' title='bbox 1304 2085 1322 2138; x_wconf 82' lang='grc'>5</span> 
     </span>
     <span class='ocr_line' id='line_1_5' title="bbox 152 2178 1321 2252; baseline -0.001 -16"><span class='ocrx_word' id='word_1_19' title='bbox 152 2183 249 2236; x_wconf 77' lang='lat' dir='ltr'>Cnrur</span> <span class='ocrx_word' id='word_1_20' title='bbox 267 2197 431 2236; x_wconf 73' lang='lat' dir='ltr'>saccuucii.</span> <span class='ocrx_word' id='word_1_21' title='bbox 447 2210 483 2219; x_wconf 92' lang='lat'>—</span> <span class='ocrx_word' id='word_1_22' title='bbox 498 2178 594 2234; x_wconf 89' lang='lat' dir='ltr'>Boetii</span> <span class='ocrx_word' id='word_1_23' title='bbox 610 2195 676 2235; x_wconf 91' lang='lat' dir='ltr'>cum</span> <span class='ocrx_word' id='word_1_24' title='bbox 692 2180 866 2237; x_wconf 77' lang='lat' dir='ltr'>Rusticiana</span> <span class='ocrx_word' id='word_1_25' title='bbox 884 2180 1053 2252; x_wconf 83' lang='lat' dir='ltr'>conjuginm</span> <span class='ocrx_word' id='word_1_26' title='bbox 1060 2221 1227 2240; x_wconf 87' lang='grc'><strong>..........</strong></span> <span class='ocrx_word' id='word_1_27' title='bbox 1290 2182 1321 2235; x_wconf 81' lang='lat'>14</span> 
     </span>
     <span class='ocr_line' id='line_1_6' title="bbox 153 2275 1322 2334; baseline -0.003 -2"><span class='ocrx_word' id='word_1_28' title='bbox 153 2281 249 2334; x_wconf 64' lang='lat' dir='ltr'>Carnu</span> <span class='ocrx_word' id='word_1_29' title='bbox 268 2295 406 2333; x_wconf 75' lang='lat' dir='ltr'>ricarium.</span> <span class='ocrx_word' id='word_1_30' title='bbox 424 2307 458 2318; x_wconf 89' lang='lat'>-</span> <span class='ocrx_word' id='word_1_31' title='bbox 474 2280 513 2332; x_wconf 90' lang='lat' dir='ltr'>De</span> <span class='ocrx_word' id='word_1_32' title='bbox 528 2275 623 2332; x_wconf 91' lang='lat' dir='ltr'>Boetii</span> <span class='ocrx_word' id='word_1_33' title='bbox 639 2275 831 2333; x_wconf 77' lang='lat' dir='ltr'>scientiarum</span> <span class='ocrx_word' id='word_1_34' title='bbox 846 2293 880 2334; x_wconf 90' lang='lat' dir='ltr'>ac</span> <span class='ocrx_word' id='word_1_35' title='bbox 895 2277 1067 2333; x_wconf 87' lang='lat' dir='ltr'>litterarum</span> <span class='ocrx_word' id='word_1_36' title='bbox 1088 2276 1228 2333; x_wconf 87' lang='lat' dir='ltr'>studiis..</span> <span class='ocrx_word' id='word_1_37' title='bbox 1290 2276 1322 2330; x_wconf 85' lang='lat'>19</span> 
     </span>
     <span class='ocr_line' id='line_1_7' title="bbox 152 2372 1322 2445; baseline 0 -16"><span class='ocrx_word' id='word_1_38' title='bbox 152 2376 249 2430; x_wconf 69' lang='lat' dir='ltr'>Cruor</span> <span class='ocrx_word' id='word_1_39' title='bbox 268 2391 416 2438; x_wconf 71' lang='lat' dir='ltr'>cucuron.</span> <span class='ocrx_word' id='word_1_40' title='bbox 437 2405 473 2414; x_wconf 99' lang='lat'>-</span> <span class='ocrx_word' id='word_1_41' title='bbox 492 2372 612 2430; x_wconf 83' lang='lat' dir='ltr'>Boetius</span> <span class='ocrx_word' id='word_1_42' title='bbox 632 2372 775 2445; x_wconf 89' lang='lat' dir='ltr'>patricius</span> <span class='ocrx_word' id='word_1_43' title='bbox 789 2373 913 2444; x_wconf 83' lang='lat' dir='ltr'>eligitur</span> <span class='ocrx_word' id='word_1_44' title='bbox 920 2416 1227 2431; x_wconf 86' lang='grc'><strong>..................</strong></span> <span class='ocrx_word' id='word_1_45' title='bbox 1287 2372 1322 2424; x_wconf 81' lang='grc'>26</span> 
     </span>
     <span class='ocr_line' id='line_1_8' title="bbox 38 2469 1233 2535; baseline -0.003 -6"><span class='ocrx_word' id='word_1_46' title='bbox 38 2522 43 2529; x_wconf 90' lang='grc'>.</span> <span class='ocrx_word' id='word_1_47' title='bbox 153 2473 249 2527; x_wconf 66' lang='lat' dir='ltr'>cnam</span> <span class='ocrx_word' id='word_1_48' title='bbox 267 2488 409 2535; x_wconf 79' lang='lat' dir='ltr'>oumruu.</span> <span class='ocrx_word' id='word_1_49' title='bbox 426 2503 462 2512; x_wconf 99' lang='lat'>-</span> <span class='ocrx_word' id='word_1_50' title='bbox 480 2475 520 2526; x_wconf 88' lang='lat' dir='ltr'>De</span> <span class='ocrx_word' id='word_1_51' title='bbox 540 2469 698 2528; x_wconf 85' lang='lat' dir='ltr'>schismate</span> <span class='ocrx_word' id='word_1_52' title='bbox 716 2470 799 2528; x_wconf 86' lang='lat' dir='ltr'>Coelii</span> <span class='ocrx_word' id='word_1_53' title='bbox 818 2470 972 2528; x_wconf 88' lang='lat' dir='ltr'>Laurentii</span> <span class='ocrx_word' id='word_1_54' title='bbox 992 2473 1024 2528; x_wconf 92' lang='lat' dir='ltr'>et</span> <span class='ocrx_word' id='word_1_55' title='bbox 1049 2470 1175 2527; x_wconf 81' lang='lat' dir='ltr'>Ennodii</span> <span class='ocrx_word' id='word_1_56' title='bbox 1196 2469 1233 2526; x_wconf 88' lang='lat' dir='ltr'>ad</span> 
     </span>
     <span class='ocr_line' id='line_1_9' title="bbox 522 2566 1322 2639; baseline 0 -15"><span class='ocrx_word' id='word_1_57' title='bbox 522 2569 658 2624; x_wconf 90' lang='lat' dir='ltr'>Boetium</span> <span class='ocrx_word' id='word_1_58' title='bbox 671 2567 807 2639; x_wconf 85' lang='lat' dir='ltr'>epistolis</span> <span class='ocrx_word' id='word_1_59' title='bbox 812 2612 1228 2627; x_wconf 86' lang='lat'><strong>........................</strong></span> <span class='ocrx_word' id='word_1_60' title='bbox 1287 2566 1322 2620; x_wconf 77' lang='grc'>32</span> 
     </span>
     <span class='ocr_line' id='line_1_10' title="bbox 153 2662 1232 2735; baseline 0.001 -16"><span class='ocrx_word' id='word_1_61' title='bbox 153 2666 249 2722; x_wconf 71' lang='lat' dir='ltr'>creor</span> <span class='ocrx_word' id='word_1_62' title='bbox 267 2681 392 2722; x_wconf 82' lang='lat' dir='ltr'>snxrnn.</span> <span class='ocrx_word' id='word_1_63' title='bbox 415 2697 451 2706; x_wconf 99' lang='lat'>-</span> <span class='ocrx_word' id='word_1_64' title='bbox 473 2662 628 2722; x_wconf 82' lang='lat' dir='ltr'>Manichaei</span> <span class='ocrx_word' id='word_1_65' title='bbox 647 2667 741 2720; x_wconf 85' lang='lat' dir='ltr'>Roma</span> <span class='ocrx_word' id='word_1_66' title='bbox 760 2665 847 2735; x_wconf 88' lang='lat' dir='ltr'>pulsi.</span> <span class='ocrx_word' id='word_1_67' title='bbox 875 2698 907 2707; x_wconf 93' lang='lat'>-</span> <span class='ocrx_word' id='word_1_68' title='bbox 932 2665 1053 2722; x_wconf 86' lang='lat' dir='ltr'>Boetius</span> <span class='ocrx_word' id='word_1_69' title='bbox 1071 2665 1183 2722; x_wconf 90' lang='lat' dir='ltr'>consul.</span> <span class='ocrx_word' id='word_1_70' title='bbox 1202 2694 1232 2704; x_wconf 97' lang='lat'>-</span> 
     </span>
    </p>
   </div>
   <div class='ocr_carea' id='block_1_5' title="bbox 154 2759 1323 3210">
    <p class='ocr_par' dir='ltr' id='par_1_5' title="bbox 154 2759 1323 2928">
     <span class='ocr_line' id='line_1_11' title="bbox 525 2759 1323 2834; baseline 0.005 -19"><span class='ocrx_word' id='word_1_71' title='bbox 525 2759 650 2816; x_wconf 83' lang='lat' dir='ltr'>Ennodii</span> <span class='ocrx_word' id='word_1_72' title='bbox 663 2761 700 2816; x_wconf 92' lang='lat' dir='ltr'>ad</span> <span class='ocrx_word' id='word_1_73' title='bbox 715 2760 851 2818; x_wconf 89' lang='lat' dir='ltr'>Boetium</span> <span class='ocrx_word' id='word_1_74' title='bbox 871 2762 999 2834; x_wconf 87' lang='lat' dir='ltr'>epistola</span> <span class='ocrx_word' id='word_1_75' title='bbox 1009 2805 1228 2820; x_wconf 88' lang='grc'><strong>.............</strong></span> <span class='ocrx_word' id='word_1_76' title='bbox 1288 2761 1323 2816; x_wconf 86' lang='grc'>36</span> 
     </span>
     <span class='ocr_line' id='line_1_12' title="bbox 154 2854 1231 2928; baseline -0.002 -14"><span class='ocrx_word' id='word_1_77' title='bbox 154 2860 249 2915; x_wconf 74' lang='lat' dir='ltr'>Cirur</span> <span class='ocrx_word' id='word_1_78' title='bbox 267 2875 427 2915; x_wconf 75' lang='lat' dir='ltr'>snnrruun.</span> <span class='ocrx_word' id='word_1_79' title='bbox 457 2888 493 2899; x_wconf 93' lang='lat'><em>-</em></span> <span class='ocrx_word' id='word_1_80' title='bbox 520 2862 560 2914; x_wconf 88' lang='lat' dir='ltr'>De</span> <span class='ocrx_word' id='word_1_81' title='bbox 589 2854 784 2914; x_wconf 89' lang='lat' dir='ltr'>Orientalium</span> <span class='ocrx_word' id='word_1_82' title='bbox 811 2858 849 2914; x_wconf 90' lang='lat' dir='ltr'>ad</span> <span class='ocrx_word' id='word_1_83' title='bbox 880 2859 1088 2928; x_wconf 87' lang='lat' dir='ltr'>Symmachum</span> <span class='ocrx_word' id='word_1_84' title='bbox 1122 2861 1231 2928; x_wconf 87' lang='lat' dir='ltr'>Papam</span> 
     </span>
    </p>

    <p class='ocr_par' dir='ltr' id='par_1_6' title="bbox 527 2953 1229 3030">
     <span class='ocr_line' id='line_1_13' title="bbox 527 2953 1229 3030; baseline -0.004 -19"><span class='ocrx_word' id='word_1_85' title='bbox 527 2954 662 3027; x_wconf 86' lang='lat' dir='ltr'>epistola,</span> <span class='ocrx_word' id='word_1_86' title='bbox 679 2970 713 3010; x_wconf 83' lang='lat' dir='ltr'>ac</span> <span class='ocrx_word' id='word_1_87' title='bbox 733 2955 768 3030; x_wconf 84' lang='lat' dir='ltr'>de</span> <span class='ocrx_word' id='word_1_88' title='bbox 788 2954 885 3010; x_wconf 90' lang='lat' dir='ltr'>Boetii</span> <span class='ocrx_word' id='word_1_89' title='bbox 904 2955 935 3012; x_wconf 93' lang='lat' dir='ltr'>in</span> <span class='ocrx_word' id='word_1_90' title='bbox 953 2955 1103 3027; x_wconf 83' lang='lat' dir='ltr'>opusculis</span> <span class='ocrx_word' id='word_1_91' title='bbox 1118 2953 1229 3010; x_wconf 72' lang='lat' dir='ltr'>thecle</span> 
     </span>
    </p>

    <p class='ocr_par' dir='ltr' id='par_1_7' title="bbox 155 3051 1323 3210">
     <span class='ocr_line' id='line_1_14' title="bbox 524 3051 1319 3124; baseline 0.003 -16"><span class='ocrx_word' id='word_1_92' title='bbox 524 3053 597 3124; x_wconf 87' lang='lat' dir='ltr'>gicis</span> <span class='ocrx_word' id='word_1_93' title='bbox 616 3051 774 3109; x_wconf 78' lang='lat' dir='ltr'>exarandis</span> <span class='ocrx_word' id='word_1_94' title='bbox 793 3051 893 3108; x_wconf 88' lang='lat' dir='ltr'>animo</span> <span class='ocrx_word' id='word_1_95' title='bbox 915 3069 983 3109; x_wconf 87' lang='lat' dir='ltr'>vere</span> <span class='ocrx_word' id='word_1_96' title='bbox 998 3052 1175 3110; x_wconf 89' lang='lat' dir='ltr'>christiano.</span> <span class='ocrx_word' id='word_1_97' title='bbox 1187 3099 1192 3110; x_wconf 94' lang='lat'>.</span> <span class='ocrx_word' id='word_1_98' title='bbox 1204 3099 1228 3112; x_wconf 90' lang='lat'>..</span> <span class='ocrx_word' id='word_1_99' title='bbox 1288 3056 1319 3110; x_wconf 81' lang='lat'>41</span> 
     </span>
     <span class='ocr_line' id='line_1_15' title="bbox 155 3148 1323 3210; baseline 0.001 -4"><span class='ocrx_word' id='word_1_100' title='bbox 155 3154 250 3210; x_wconf 72' lang='lat' dir='ltr'>Canus</span> <span class='ocrx_word' id='word_1_101' title='bbox 269 3170 410 3210; x_wconf 71' lang='lat' dir='ltr'>ocrnvun.</span> <span class='ocrx_word' id='word_1_102' title='bbox 428 3184 464 3193; x_wconf 92' lang='lat'><em>-</em></span> <span class='ocrx_word' id='word_1_103' title='bbox 478 3150 574 3207; x_wconf 84' lang='lat' dir='ltr'>Boetii</span> <span class='ocrx_word' id='word_1_104' title='bbox 593 3148 700 3205; x_wconf 80' lang='lat' dir='ltr'>ultima</span> <span class='ocrx_word' id='word_1_105' title='bbox 715 3149 779 3206; x_wconf 78' lang='lat' dir='ltr'>fata</span> <span class='ocrx_word' id='word_1_106' title='bbox 793 3151 825 3206; x_wconf 84' lang='lat' dir='ltr'>et</span> <span class='ocrx_word' id='word_1_107' title='bbox 839 3165 919 3207; x_wconf 84' lang='lat' dir='ltr'>mors</span> <span class='ocrx_word' id='word_1_108' title='bbox 922 3191 1230 3210; x_wconf 86' lang='grc'><strong>..................</strong></span> <span class='ocrx_word' id='word_1_109' title='bbox 1288 3153 1323 3208; x_wconf 86' lang='grc'>53</span> 
     </span>
    </p>
   </div>
   <div class='ocr_carea' id='block_1_6' title="bbox 595 3380 925 3434">
    <p class='ocr_par' dir='ltr' id='par_1_8' title="bbox 595 3380 925 3434">
     <span class='ocr_line' id='line_1_16' title="bbox 595 3380 925 3434; baseline -0.012 -2"><span class='ocrx_word' id='word_1_110' title='bbox 595 3380 760 3434; x_wconf 83' lang='lat' dir='ltr'><strong>SECUNDA</strong></span> <span class='ocrx_word' id='word_1_111' title='bbox 780 3380 881 3434; x_wconf 82' lang='lat' dir='ltr'>PARS.</span> <span class='ocrx_word' id='word_1_112' title='bbox 923 3423 925 3428; x_wconf 91' lang='lat'>.</span> 
     </span>
    </p>
   </div>
   <div class='ocr_carea' id='block_1_7' title="bbox 557 3541 921 3580">
    <p class='ocr_par' dir='ltr' id='par_1_9' title="bbox 557 3541 921 3580">
     <span class='ocr_line' id='line_1_17' title="bbox 557 3541 921 3580; baseline 0.003 -2"><span class='ocrx_word' id='word_1_113' title='bbox 557 3541 592 3579; x_wconf 74' lang='lat' dir='ltr'>DE</span> <span class='ocrx_word' id='word_1_114' title='bbox 613 3541 713 3579; x_wconf 81' lang='lat' dir='ltr'><strong>BOETIO</strong></span> <span class='ocrx_word' id='word_1_115' title='bbox 733 3541 921 3580; x_wconf 71' lang='lat' dir='ltr'>Pulnosopno.</span> 
     </span>
    </p>
   </div>
   <div class='ocr_carea' id='block_1_8' title="bbox 154 3694 1326 4539">
    <p class='ocr_par' dir='ltr' id='par_1_10' title="bbox 154 3694 1324 3863">
     <span class='ocr_line' id='line_1_18' title="bbox 154 3694 1324 3770; baseline -0.01 -3"><span class='ocrx_word' id='word_1_116' title='bbox 154 3713 249 3767; x_wconf 70' lang='lat' dir='ltr'>Carus·</span> <span class='ocrx_word' id='word_1_117' title='bbox 268 3719 394 3764; x_wconf 72' lang='lat' dir='ltr'>nuruum.</span> <span class='ocrx_word' id='word_1_118' title='bbox 414 3730 450 3745; x_wconf 81' lang='lat'>-·</span> <span class='ocrx_word' id='word_1_119' title='bbox 469 3701 508 3758; x_wconf 87' lang='lat' dir='ltr'>De</span> <span class='ocrx_word' id='word_1_120' title='bbox 523 3695 673 3764; x_wconf 83' lang='lat' dir='ltr'>Boetianae</span> <span class='ocrx_word' id='word_1_121' title='bbox 693 3696 886 3770; x_wconf 86' lang='lat' dir='ltr'>philosophiae</span> <span class='ocrx_word' id='word_1_122' title='bbox 901 3694 1057 3767; x_wconf 83' lang='lat' dir='ltr'>principiis</span> <span class='ocrx_word' id='word_1_123' title='bbox 1062 3735 1230 3754; x_wconf 86' lang='lat'><strong>..........</strong></span> <span class='ocrx_word' id='word_1_124' title='bbox 1289 3699 1324 3755; x_wconf 80' lang='lat'>72</span> 
     </span>
     <span class='ocr_line' id='line_1_19' title="bbox 154 3791 1235 3863; baseline -0.01 -2"><span class='ocrx_word' id='word_1_125' title='bbox 154 3808 249 3861; x_wconf 74' lang='lat' dir='ltr'>Cneur</span> <span class='ocrx_word' id='word_1_126' title='bbox 278 3817 443 3859; x_wconf 79' lang='lat' dir='ltr'>sncunnun.</span> <span class='ocrx_word' id='word_1_127' title='bbox 470 3828 506 3838; x_wconf 90' lang='lat'><em>-</em></span> <span class='ocrx_word' id='word_1_128' title='bbox 532 3799 571 3850; x_wconf 88' lang='lat' dir='ltr'>De</span> <span class='ocrx_word' id='word_1_129' title='bbox 597 3791 704 3850; x_wconf 86' lang='lat' dir='ltr'>animae</span> <span class='ocrx_word' id='word_1_130' title='bbox 729 3791 923 3849; x_wconf 79' lang='lat' dir='ltr'>facultatibus</span> <span class='ocrx_word' id='word_1_131' title='bbox 948 3795 980 3849; x_wconf 86' lang='lat' dir='ltr'>et</span> <span class='ocrx_word' id='word_1_132' title='bbox 1008 3793 1044 3849; x_wconf 85' lang='lat' dir='ltr'>de</span> <span class='ocrx_word' id='word_1_133' title='bbox 1066 3792 1235 3863; x_wconf 83' lang='lat' dir='ltr'>cognitione</span> 
     </span>
    </p>

    <p class='ocr_par' dir='ltr' id='par_1_11' title="bbox 155 3893 1325 4345">
     <span class='ocr_line' id='line_1_20' title="bbox 522 3893 1325 3950; baseline -0.004 0"><span class='ocrx_word' id='word_1_134' title='bbox 522 3908 620 3950; x_wconf 85' lang='lat' dir='ltr'>rerum</span> <span class='ocrx_word' id='word_1_135' title='bbox 624 3927 1232 3950; x_wconf 81' lang='grc'><strong><em>...................................</em></strong></span> <span class='ocrx_word' id='word_1_136' title='bbox 1290 3893 1325 3947; x_wconf 84' lang='grc'>83</span> 
     </span>
     <span class='ocr_line' id='line_1_21' title="bbox 155 3985 1320 4052; baseline 0 -8"><span class='ocrx_word' id='word_1_137' title='bbox 155 3999 250 4052; x_wconf 72' lang='lat' dir='ltr'>CAPUT</span> <span class='ocrx_word' id='word_1_138' title='bbox 269 4008 409 4050; x_wconf 62' lang='lat' dir='ltr'>annulum.</span> <span class='ocrx_word' id='word_1_139' title='bbox 429 4020 465 4031; x_wconf 93' lang='lat'>-</span> <span class='ocrx_word' id='word_1_140' title='bbox 483 3994 522 4045; x_wconf 83' lang='lat' dir='ltr'>De</span> <span class='ocrx_word' id='word_1_141' title='bbox 537 3985 754 4044; x_wconf 76' lang='lat' dir='ltr'>universalibus</span> <span class='ocrx_word' id='word_1_142' title='bbox 760 4030 1228 4046; x_wconf 88' lang='grc'><strong>...........................</strong></span> <span class='ocrx_word' id='word_1_143' title='bbox 1290 3987 1320 4041; x_wconf 86' lang='lat'>91</span> 
     </span>
     <span class='ocr_line' id='line_1_22' title="bbox 155 4083 1325 4155; baseline -0.004 -8"><span class='ocrx_word' id='word_1_144' title='bbox 155 4095 250 4147; x_wconf 74' lang='lat' dir='ltr'>Carus</span> <span class='ocrx_word' id='word_1_145' title='bbox 268 4109 455 4155; x_wconf 75' lang='lat' dir='ltr'>cunarum-</span> <span class='ocrx_word' id='word_1_146' title='bbox 473 4091 512 4143; x_wconf 89' lang='lat' dir='ltr'>De</span> <span class='ocrx_word' id='word_1_147' title='bbox 527 4084 622 4143; x_wconf 91' lang='lat' dir='ltr'>Boetii</span> <span class='ocrx_word' id='word_1_148' title='bbox 636 4083 840 4155; x_wconf 88' lang='lat' dir='ltr'>metaphysica</span> <span class='ocrx_word' id='word_1_149' title='bbox 855 4083 886 4140; x_wconf 88' lang='lat' dir='ltr'>et</span> <span class='ocrx_word' id='word_1_150' title='bbox 898 4084 934 4140; x_wconf 91' lang='lat' dir='ltr'>de</span> <span class='ocrx_word' id='word_1_151' title='bbox 946 4085 1234 4142; x_wconf 79' lang='lat' dir='ltr'>transcendentibus,</span> <span class='ocrx_word' id='word_1_152' title='bbox 1276 4088 1325 4142; x_wconf 87' lang='lat'>100</span> 
     </span>
     <span class='ocr_line' id='line_1_23' title="bbox 155 4178 1324 4256; baseline 0.003 -16"><span class='ocrx_word' id='word_1_153' title='bbox 155 4187 250 4241; x_wconf 74' lang='lat' dir='ltr'>Cnrur</span> <span class='ocrx_word' id='word_1_154' title='bbox 270 4203 411 4248; x_wconf 74' lang='lat' dir='ltr'>cumcun.</span> <span class='ocrx_word' id='word_1_155' title='bbox 431 4215 466 4224; x_wconf 91' lang='lat'>-</span> <span class='ocrx_word' id='word_1_156' title='bbox 485 4186 524 4237; x_wconf 89' lang='lat' dir='ltr'>De</span> <span class='ocrx_word' id='word_1_157' title='bbox 537 4178 778 4254; x_wconf 84' lang='lat' dir='ltr'>praedicamentis</span> <span class='ocrx_word' id='word_1_158' title='bbox 787 4195 821 4236; x_wconf 89' lang='lat' dir='ltr'>ao</span> <span class='ocrx_word' id='word_1_159' title='bbox 831 4183 867 4240; x_wconf 90' lang='lat' dir='ltr'>de</span> <span class='ocrx_word' id='word_1_160' title='bbox 875 4186 982 4254; x_wconf 89' lang='lat' dir='ltr'>causis,</span> <span class='ocrx_word' id='word_1_161' title='bbox 991 4187 1080 4256; x_wconf 84' lang='lat' dir='ltr'>J&#39;uxta</span> <span class='ocrx_word' id='word_1_162' title='bbox 1089 4184 1234 4246; x_wconf 80' lang='lat' dir='ltr'>Boetium,</span> <span class='ocrx_word' id='word_1_163' title='bbox 1276 4187 1324 4245; x_wconf 78' lang='lat'>107</span> 
     </span>
     <span class='ocr_line' id='line_1_24' title="bbox 156 4279 1237 4345; baseline 0.003 -8"><span class='ocrx_word' id='word_1_164' title='bbox 156 4285 251 4338; x_wconf 70' lang='lat' dir='ltr'>cmm</span> <span class='ocrx_word' id='word_1_165' title='bbox 271 4300 396 4338; x_wconf 78' lang='lat' dir='ltr'>snxrun.</span> <span class='ocrx_word' id='word_1_166' title='bbox 415 4312 451 4322; x_wconf 90' lang='lat'><em>-</em></span> <span class='ocrx_word' id='word_1_167' title='bbox 470 4284 509 4335; x_wconf 90' lang='lat' dir='ltr'>De</span> <span class='ocrx_word' id='word_1_168' title='bbox 523 4283 591 4336; x_wconf 82' lang='lat' dir='ltr'>Deo,</span> <span class='ocrx_word' id='word_1_169' title='bbox 607 4310 643 4320; x_wconf 93' lang='lat'>-</span> <span class='ocrx_word' id='word_1_170' title='bbox 658 4281 697 4333; x_wconf 90' lang='lat' dir='ltr'>De</span> <span class='ocrx_word' id='word_1_171' title='bbox 714 4279 788 4335; x_wconf 86' lang='lat' dir='ltr'>Fato</span> <span class='ocrx_word' id='word_1_172' title='bbox 807 4281 839 4336; x_wconf 90' lang='lat' dir='ltr'>et</span> <span class='ocrx_word' id='word_1_173' title='bbox 857 4280 960 4339; x_wconf 87' lang='lat' dir='ltr'>divina</span> <span class='ocrx_word' id='word_1_174' title='bbox 973 4283 1174 4345; x_wconf 84' lang='lat' dir='ltr'>Providentia.</span> <span class='ocrx_word' id='word_1_175' title='bbox 1201 4317 1237 4330; x_wconf 48' lang='grc' dir='ltr'>ψ-</span> 
     </span>
    </p>

    <p class='ocr_par' dir='ltr' id='par_1_12' title="bbox 527 4373 1237 4447">
     <span class='ocr_line' id='line_1_25' title="bbox 527 4373 1237 4447; baseline 0.01 -16"><span class='ocrx_word' id='word_1_176' title='bbox 527 4380 565 4431; x_wconf 87' lang='lat' dir='ltr'>De</span> <span class='ocrx_word' id='word_1_177' title='bbox 584 4373 773 4447; x_wconf 85' lang='lat' dir='ltr'>praescientia</span> <span class='ocrx_word' id='word_1_178' title='bbox 788 4377 838 4431; x_wconf 86' lang='lat' dir='ltr'>Dei</span> <span class='ocrx_word' id='word_1_179' title='bbox 858 4394 891 4434; x_wconf 82' lang='lat' dir='ltr'>ac</span> <span class='ocrx_word' id='word_1_180' title='bbox 906 4378 997 4436; x_wconf 88' lang='lat' dir='ltr'>libero</span> <span class='ocrx_word' id='word_1_181' title='bbox 1016 4379 1144 4437; x_wconf 88' lang='lat' dir='ltr'>hominis</span> <span class='ocrx_word' id='word_1_182' title='bbox 1162 4382 1237 4438; x_wconf 89' lang='lat' dir='ltr'>arbi-</span> 
     </span>
    </p>

    <p class='ocr_par' dir='ltr' id='par_1_13' title="bbox 526 4472 1326 4539">
     <span class='ocr_line' id='line_1_26' title="bbox 526 4472 1326 4539; baseline 0 -11"><span class='ocrx_word' id='word_1_183' title='bbox 526 4472 587 4528; x_wconf 92' lang='lat' dir='ltr'>trio</span> <span class='ocrx_word' id='word_1_184' title='bbox 590 4514 1231 4539; x_wconf 80' lang='grc'><strong>,,,,,,,,,,,,,,,,,,,,,,,,,,,,,,,,,,,,,</strong></span> <span class='ocrx_word' id='word_1_185' title='bbox 1277 4479 1326 4536; x_wconf 83' lang='grc'>118</span> 
     </span>
    </p>
   </div>
   <div class='ocr_carea' id='block_1_9' title="bbox 0 0 1633 5468">
    <p class='ocr_par' dir='ltr' id='par_1_14' title="bbox 0 0 1633 5468">
     <span class='ocr_line' id='line_1_27' title="bbox 0 0 1633 5468; baseline 0 0"><span class='ocrx_word' id='word_1_186' title='bbox 0 0 1633 5468; x_wconf 95' lang='lat' dir='ltr'> </span> 
     </span>
    </p>
   </div>
  </div>
 </body>
</html>
